2820 4964
99 186 163 251 asa
565 186 605 265 o.
627 184 768 247 curru
791 183 888 247 num

101 363 148 419 tot
166 375 258 418 unum
279 355 464 417 incesserent
492 372 609 430 manus,
638 374 732 434 super
758 355 847 416 amici
877 372 991 433 corpus
1016 350 1182 433 procubuit
1209 353 1360 417 exanimis

100 450 125 493 ¹⁷
136 454 225 515 lleud
246 471 344 527 secus,
372 471 460 532 quam
480 471 536 530 par
557 458 630 529 erat,
658 452 950 531 promptissimorum
970 450 1110 512 iuvenum
1132 457 1361 533 ceterorumque

101 550 229 611 militum
242 548 364 609 interitu
385 554 555 609 commotus
574 569 629 610 rex
647 549 765 628 signum
780 548 916 628 receptui
928 547 1018 609 dedit
1048 542 1183 610 ¹⁸Selnti
1194 546 1264 624 snit,
1283 548 1361 628 quod

102 646 212 708 sensim
243 651 273 706 et
297 644 439 724 intrepidi
459 663 493 705 se
523 651 719 724 recepemnt;
750 651 781 706 et
809 644 937 719 barbari,
966 645 1084 707 hostem
1112 644 1271 725 depulisse
1295 664 1361 708 con-

101 744 184 820 tenti,
205 763 267 805 non
287 742 421 804 institere
443 740 628 802 cedentibus.
955 728 958 733 ¹
1167 818 1170 823 Ι

184 841 264 901 XLl.
297 835 472 900 ¹⁹Ceterum
484 836 656 899 Alexander
670 857 763 919 quum
775 838 929 900 statuisset
946 837 1091 900 desistere
1103 838 1229 919 incepto
1243 841 1360 923 (quippe

101 939 186 1002 nullu
204 956 276 1017 spes
298 934 461 1015 potiundae
480 940 584 1012 petrae
606 934 808 1009 offerebatur),
828 940 927 995 tamen
947 933 1082 1013 speciem
1105 937 1242 999 ostendit
1263 938 1293 999 in
1313 938 1360 999 ob

102 1036 220 1098 sidione
241 1030 468 1113 perseverantis.
499 1030 578 1091 Nam
598 1038 629 1092 et
651 1031 757 1091 itinera
777 1030 912 1092 obsideri
930 1031 1017 1092 iussit
1037 1037 1068 1092 et
1089 1037 1189 1093 turres
1210 1034 1360 1096 admoveri

102 1139 133 1195 et
151 1130 280 1210 fatigatis
299 1128 376 1189 alios
398 1126 571 1188 succedere.
601 1121 631 1165 ²⁰
639 1127 734 1189 Cuius
756 1127 921 1211 pertinacis
938 1128 1068 1207 cognitu,
1088 1128 1155 1189 ludi
1166 1149 1225 1209 per
1243 1131 1361 1193 biduum

103 1227 224 1310 quidem
245 1246 282 1287 ac
301 1224 376 1285 duas
398 1229 505 1286 noctes
527 1244 596 1284 cum
617 1223 816 1285 ostentatione
835 1242 898 1285 non
918 1223 1047 1285 fiduciae
1066 1225 1168 1303 modo,
1195 1228 1255 1289 sed
1280 1228 1361 1289 etiam

102 1323 246 1386 victoriae
261 1320 374 1402 epulati
392 1327 469 1396 sunt,
491 1324 632 1399 tympana
653 1339 709 1383 suc
729 1339 814 1381 more
833 1320 995 1399 pulsantes
1026 1315 1163 1383 ²¹'l'ertia
1180 1342 1259 1385 vero
1278 1332 1361 1386 nocte

102 1428 314 1501 tympanorum
335 1417 457 1498 quidem
478 1415 621 1494 strepitus
642 1416 772 1478 desierat
789 1417 900 1490 audiri;
919 1422 1054 1478 ceterum
1074 1437 1112 1478 ex
1133 1424 1199 1479 tota
1221 1427 1311 1498 petra
1325 1420 1362 1480 is·

102 1537 154 1580 ces
182 1516 378 1596 refulgebant,
413 1534 487 1595 quas
517 1513 717 1574 accenderant
737 1513 866 1589 barbari,
892 1518 926 1575 ut
953 1513 1048 1575 tutior
1075 1522 1157 1577 esset
1185 1516 1266 1596 ipsis
1288 1518 1362 1596 iuga,

102 1615 234 1678 obscura
252 1618 343 1675 nocte
363 1631 420 1691 per
438 1609 518 1671 invio
533 1622 614 1671 'saxa
634 1608 777 1671 cursoris.
825 1604 932 1685 ²2Rex,
954 1609 1092 1688 Balacro,
1120 1612 1173 1693 qui
1193 1613 1362 1693 speculare

102 1718 161 1788 tur,
190 1709 365 1791 praemisso,
395 1706 553 1786 cognoscit
584 1711 700 1785 petram
728 1706 799 1784 iuga
824 1706 968 1769 ludorum
990 1726 1058 1768 esse
1087 1709 1249 1774 desertam.
1291 1712 1361 1771 'lum

104 1809 174 1869 dato
200 1807 296 1885 signo,
330 1810 364 1865 ut
390 1803 523 1865 universi
548 1803 778 1878 conclamarent,
809 1802 1010 1882 incomposite
1037 1803 1223 1883 fngientibus
1255 1812 1361 1867 metum

103 1901 237 1965 incussit
276 1895 467 1979 ²³Multique,
487 1906 626 1978 tanquam
651 1900 770 1961 adesset
792 1898 898 1975 hostis,
927 1919 982 1979 per
1002 1898 1120 1963 lubrice
1147 1920 1223 1963 sexa
1252 1923 1361 1983 perque

103 2000 197 2061 invias
227 2001 312 2059 cotes
341 1994 529 2075 praecipitati
558 1995 749 2067 oecidemnt;
787 1995 891 2074 plnres
915 1996 1022 2079 ,aliqua
1046 1998 1256 2061 membrorum
1283 2007 1361 2079 parte

103 2095 226 2157 mulcati
251 2093 289 2154 ab
316 2090 439 2170 integris
467 2089 578 2153 deserti
596 2098 673 2155 sunt.
710 2086 810 2154 ”sex
829 2090 970 2155 locorum
993 2094 1097 2174 magis,
1122 2114 1215 2176 quam
1237 2097 1361 2160 bostium

103 2193 209 2266 victor,
234 2196 331 2251 tamen
351 2206 475 2267 magnes
496 2187 639 2249 victoriae
657 2188 813 2251 sacrificiis
834 2196 865 2251 et
885 2189 968 2251 onltn
986 2190 1075 2253 deum
1097 2188 1273 2278 [speciem]
1287 2196 1360 2257 lecit

104 2290 184 2350 Arae
203 2287 234 2348 in
256 2292 342 2365 petra
365 2285 482 2347 locatae
512 2290 581 2347 sunt
600 2284 754 2346 Minervae
779 2284 1001 2366 Victoriseque.
1040 2282 1213 2351 ²⁵Ducibus
1235 2291 1361 2385 itineris,

105 2406 182 2468 quos
200 2385 301 2447 subire
320 2383 449 2445 iusserat
468 2380 576 2443 leviter
596 2390 736 2455 armatos,
757 2381 813 2442 etsi
834 2381 991 2461 promissis
1008 2383 1126 2447 minora
1145 2389 1361 2469 praestiterant

105 2485 235 2564 pretium
256 2502 327 2544 cum
345 2480 404 2543 fide
422 2478 572 2543 redditum
591 2483 645 2555 est,
675 2482 780 2558 petras
799 2478 991 2561 regionisque
1009 2481 1038 2545 ei
1063 2481 1222 2546 adiunctae
1244 2487 1363 2551 Sisoco

105 2589 153 2643 sto
172 2581 264 2642 tutela
284 2578 437 2659 permissa

192 2672 328 2737 ¹¹¹2¹1nde
358 2672 508 2755 processit
536 2673 706 2735 Ecbolima:
738 2681 769 2735 et
796 2695 888 2754 quum
917 2675 1067 2755 arigustias
1091 2676 1207 2742 itineris
1234 2683 1363 2745 obsideri

105 2774 174 2837 XX
194 2773 314 2835 milibus
340 2778 524 2832 armatorum
550 2770 589 2830 ab
612 2770 699 2831 Erice
727 2771 858 2850 quodam
882 2772 1087 2851 comperisset,
1116 2776 1240 2854 gravium
1263 2800 1365 2859 agmen

106 2870 256 2931 exercitus
278 2868 384 2931 Coeno
406 2867 576 2929 ducendum
603 2866 729 2928 modicis
748 2866 904 2929 itineribus
924 2868 1052 2930 tradidit.
1097 2865 1188 2950 ²lpse
1211 2895 1365 2957 praegres

106 2986 158 3029 sus
180 2986 250 3028 cum
269 2966 422 3027 funditore
446 2985 482 3026 ao
502 2963 664 3042 sagittario,
693 2964 868 3038 deturbatis,
894 2965 945 3046 qui
973 2965 1154 3029 obsederant
1173 2970 1298 3051 saltum,
1326 2995 1366 3036 se-

107 3063 267 3142 quentibus
289 3082 322 3122 se
343 3061 439 3138 copiis
456 3060 534 3120 viam
555 3060 634 3120 lecit.
682 3055 777 3135 ³lndi,
800 3061 863 3121 sive
886 3061 959 3122 odio
979 3062 1062 3123 ducis
1088 3063 1153 3125 sive
1178 3069 1311 3145 gratim
1329 3072 1365 3133 vi·

107 3158 199 3220 ctoris
221 3156 331 3229 inituri,
353 3155 462 3215 Ericen
480 3156 643 3234 fugientem
661 3157 758 3217 adorti
780 3157 1000 3233 interemerunt,
1021 3166 1170 3242 caputque
1190 3162 1260 3227 eius
1284 3175 1367 3250 atque

106 3274 189 3316 arma
209 3254 248 3313 ad
263 3250 468 3312 Alexandrum
490 3250 668 3312 detulemnt
708 3252 762 3313 llle
784 3254 865 3316 lacto
886 3254 1091 3333 impunitatem
1111 3257 1203 3335 dedit,
1221 3260 1367 3326 bonorem

107 3350 264 3430 denegavit
283 3347 430 3425 exemplo.

190 3446 284 3509 XLll.
346 3437 444 3503 4Hinc
477 3442 516 3505 ad
544 3442 655 3505 flumen
685 3445 791 3505 ludum
823 3446 1049 3511 sextisdecumis
1082 3450 1190 3511 castris
1222 3459 1370 3533 pervenit,

108 3543 276 3624 omniaque,
306 3549 339 3603 nt
359 3546 561 3620 praeceperat,
590 3541 627 3600 ad
656 3538 864 3603 traiiciendum
890 3551 1068 3623 praeparatu
1089 3546 1127 3607 ab
1146 3548 1370 3628 Hephaestione

175 3724 258 3791 Ml,
279 3726 320 3777 90.
360 3724 436 3775 Cum
454 3726 694 3775 ostentatione.
730 3728 754 3775 S.
773 3724 799 3786 8,
818 3723 861 3788 45,
882 3725 925 3776 15:
952 3727 1025 3777 abire
1047 3745 1116 3779 cum
1136 3728 1370 3801 glorlaposerm

108 3795 131 3859 6,
149 3793 190 3857 40,
210 3794 255 3848 35:
278 3811 346 3846 cum
365 3793 473 3844 hadibrio
493 3791 653 3843 credulitatis
670 3792 785 3859 repulsus
805 3810 866 3843 sum.
896 3793 920 3855 7,
941 3793 985 3857 21,
1006 3793 1051 3846 16:
1078 3802 1159 3847 totam
1181 3808 1286 3852 noctem
1305 3821 1373 3855 cunr

108 3865 295 3984 rsrropoo7ooqnqi
314 3869 383 3981 qqotu
401 3862 529 3928 perpetuis
552 3860 648 3927 cipiliis
674 3862 731 3928 egit.
753 3888 782 3898 -
815 3860 840 3925 8,
856 3859 898 3924 41,
919 3860 960 3914 23.
988 3863 1146 3916 dialecti
1171 3868 1215 3918 Re
1243 3870 1371 3923 mulctati,

128 3950 186 3984 .zu
225 3971 233 3994 ,
269 3940 293 3994 ⁸,
349 3971 354 3981 .

175 4024 200 4086 8,
211 4023 253 4085 41,
266 4020 308 4073 94.
325 4021 466 4088 Magnae
482 4018 799 4070 victoriae-deum
817 4019 994 4087 [speciem]
1012 4023 1105 4087 fecit.
1126 4026 1200 4077 Naolr
1217 4026 1310 4093 Conj.;
1329 4031 1372 4080 R:

109 4112 142 4145 m.
158 4093 277 4146 a-dita
297 4090 430 4153 satisfecit.
450 4091 492 4139 Z.:
512 4103 631 4154 mapsam
647 4087 784 4137 victoriam
797 4114 825 4125 -
842 4087 933 4148 deum
949 4090 1047 4153 fecit.
1067 4120 1098 4128 -
1116 4090 1143 4153 8,
1161 4088 1204 4157 41,
1223 4090 1268 4144 25,
1287 4094 1373 4146 Per.

109 4163 223 4211 mtssa.
261 4159 311 4209 Est
330 4160 409 4207 wirkt
427 4158 497 4207 noch
517 4158 587 4206 nach
604 4169 698 4218 wegen
717 4157 766 4207 der
785 4170 906 4219 genauen
925 4158 1205 4226 Wecbselbeziebung,
1225 4163 1252 4213 ln
1271 4166 1374 4218 welche

110 4232 154 4282 die
172 4230 270 4279 beiden
291 4229 367 4277 Stitze
385 4224 514 4289 gebracht
531 4224 600 4275 sind.
637 4224 722 4286 Vergl.
745 4225 773 4273 C.
790 4222 816 4284 7,
837 4220 880 4285 43,
900 4221 940 4275 29.

176 4316 305 4383 8,41,1.
340 4315 525 4365 Ecbolima.
561 4314 790 4365 thrsohsinlioh
809 4313 1005 4367 Embolima.
1026 4344 1054 4354 -
1078 4316 1193 4367 Erice.
1215 4318 1257 4370 F.:
1278 4294 1374 4388 Eryce:

109 4382 485 4519 hodsiiqsbfllsiiptoris.
506 4384 548 4432 F.:
568 4381 768 4447 oictorisrcgis.
788 4411 819 4419 —
848 4382 986 4434 Ericen.
1007 4386 1048 4435 F.:
1067 4384 1177 4452 Erycem
1199 4414 1228 4423 -
1258 4404 1373 4440 «Νη.

179 4540 206 4602 8,
227 4540 267 4605 ds,
288 4539 312 4591 4.
347 4538 397 4590 Ad
413 4538 543 4605 [lumea
565 4538 686 4589 lodoin.
721 4541 799 4592 Nicht
815 4540 867 4591 mit
884 4542 1007 4604 Uurecbt,
1034 4544 1068 4595 da
1088 4544 1132 4595 dis
1152 4546 1315 4614 Verlolgung
1331 4551 1372 4601 ibn

111 4622 165 4659 ron
184 4608 288 4661 Aornos
310 4608 365 4658 und
384 4608 446 4659 dem
465 4608 540 4659 Flnss
564 4610 650 4659 etwas
676 4606 793 4659 entisrnt
816 4608 905 4661 haben
930 4610 1046 4664 mochis.
1074 4640 1106 4651 ·-
1130 4624 1372 4683 praeceperat.
