2820 4964
105 200 171 265 ooo
574 198 892 277 ocurriiaurr

107 389 199 450 quum
219 369 258 443 hi,
281 368 333 449 qui
353 385 459 428 currus
480 365 618 443 agebant,
639 367 715 429 illud
734 367 871 429 ultimum
892 364 1037 428 auxilinm
1060 384 1186 429 suorum
1207 367 1277 443 rati,
1305 367 1375 430 etiu-

108 467 150 528 sis
175 466 298 526 habenis
322 463 352 524 in
375 463 506 524 medium
528 463 690 526 discrimen
709 484 797 525 ruere
821 469 996 541 coeperunt.
1040 460 1185 542 ⁷Anceps
1210 462 1244 523 id
1267 464 1376 525 melun

111 563 245 642 utrisque
267 567 343 621 erat:
377 580 445 620 nam
474 567 504 621 et
526 561 726 624 Macedonum
748 559 864 638 pedites
893 559 993 639 primo
1020 561 1135 639 impetu
1161 558 1376 621 obterebantur

109 666 140 719 et
160 677 217 736 per
241 656 358 717 lubrica
379 662 467 736 atque
490 659 569 720 invia
591 654 715 717 immissi
734 674 842 717 comus
863 655 1054 717 excutiebant
1073 672 1137 731 eos,
1162 676 1182 717 a
1202 656 1315 737 quibus
1332 676 1376 717 re

111 754 272 834 gebantur3
318 747 468 814 ⁸aliorurn
497 745 608 815 turbati
630 751 699 831 equi
726 770 788 812 non
815 752 845 813 in
875 753 1034 831 voragines
1061 752 1155 813 modo
1181 751 1375 833 laeuumque,

108 851 163 912 sed
184 850 273 911 etiam
293 849 323 908 in
342 868 459 909 amnem
479 849 719 930 praecipitavere
741 848 905 923 curricula;
951 844 1062 926 ”pauci
1082 847 1153 909 telis
1173 850 1309 911 hostium
1329 858 1377 911 eie

109 949 166 1010 acti
186 951 385 1027 penetravere
403 946 441 1006 id
462 948 575 1008 Porum
600 945 746 1008 acerrime
766 963 897 1022 pugnam
921 945 1057 1005 cientem.

192 1042 329 1103 XLVlll.
370 1042 407 1115 ls,
435 1049 469 1103 ut
494 1044 655 1121 dissipatos
677 1048 741 1102 tota
768 1040 833 1100 acie
855 1060 964 1102 currus
987 1042 1090 1120 vagari
1114 1043 1181 1102 sine
1206 1042 1374 1104 rectoribus

110 1141 192 1214 vidit,
212 1136 358 1217 proximis
376 1138 541 1201 amicorum
562 1137 712 1199 distribuit
732 1137 915 1214 elephantos.
957 1132 985 1177 ¹⁰
995 1138 1068 1199 Post
1087 1156 1142 1198 eos
1161 1145 1311 1217 posuerat
1327 1158 1374 1219 pe

110 1232 258 1296 ditem'ac
283 1233 463 1311 sagittarios,
493 1242 635 1314 tympana
656 1233 778 1313 pulsare
805 1232 924 1297 solitos.
967 1234 1002 1294 ld
1032 1252 1091 1312 pro
1118 1238 1210 1295 canui
1240 1234 1374 1297 tubarum

108 1333 188 1393 Indis
211 1337 283 1406 erat,
301 1349 358 1390 uec
380 1331 508 1410 strepitu
528 1349 632 1391 eorum
655 1329 860 1406 movebantur,
889 1331 961 1391 olim
980 1330 1018 1391 ad
1037 1335 1147 1391 notum'
1164 1348 1279 1392 sonum
1301 1331 1374 1393 aori-

108 1430 166 1490 bus
186 1427 335 1506 mitigatis.
383 1421 552 1488 11llercnlis
572 1425 765 1487 simulacrum
785 1427 895 1505 agmini
915 1427 1049 1506 pediturn
1070 1427 1311 1505 praeferebatur.
1346 1428 1374 1487 ld

110 1525 270 1587 inaximum
289 1532 353 1584 erat
375 1522 554 1585 bellantibus
577 1521 808 1597 incitamentum,
836 1529 867 1583 et
888 1516 1057 1585 deseruisse
1076 1528 1230 1602 gestantes
1252 1524 1374 1584 militare

109 1621 254 1700 flagitium
274 1619 448 1681 habebatur.
487 1616 635 1697 ¹²Oapitis
656 1618 744 1678 etiarn
765 1624 925 1680 sanxerant
946 1637 1074 1698 poenam
1097 1616 1153 1695 his,
1176 1618 1231 1701 qui
1253 1638 1293 1680 ex
1314 1619 1374 1681 acie

109 1737 172 1778 non
192 1716 384 1790 rettulissent,
407 1723 497 1791 metu,
521 1734 610 1794 quein
630 1733 668 1774 ex
689 1713 743 1774 illo
766 1715 855 1775 hoste
876 1715 1027 1795 quondam
1047 1721 1266 1793 conceperant,
1291 1715 1374 1776 etiam

110 1813 140 1872 in
172 1810 349 1890 religionem
378 1811 662 1889 venerationemque
695 1829 861 1872 conversos
916 1810 1100 1872 Macedonas
1127 1830 1191 1871 noir
1220 1809 1374 1871 beluarum

112 1907 215 1979 modo,
235 1907 397 1966 sedetiam
419 1906 515 1985 ipsius
532 1906 612 1984 regis
636 1912 777 1983 aspectus
796 1926 961 1986 parumper
983 1907 1117 1969 inhibuit
1153 1901 1305 1969 ¹³Beluae
1322 1907 1373 1967 dis

110 2002 227 2083 positae
253 2001 331 2062 iuter
358 2008 488 2063 armatos
516 2001 649 2079 speciem
679 2000 806 2062 turrium
840 2003 950 2083 procul
983 2003 1126 2065 fecerant
1178 2005 1252 2082 lpse
1280 2005 1372 2065 Porus

112 2103 258 2161 humanae
270 2096 481 2176 magnitudinis
495 2096 716 2175 propemodum
733 2107 905 2160 excesserat
918 2100 1053 2162 lormam.
1092 2100 1296 2180 Magnitudini
1308 2099 1373 2161 Pori

110 2196 241 2257 adiicere
262 2195 418 2255 videbatur
440 2192 538 2269 belua,
567 2214 626 2274 qua
648 2193 821 2271 vehebatur,
851 2201 964 2257 tautum
989 2194 1068 2256 inter
1088 2185 1205 2259 ceteras
1233 2197 1372 2266 eminens

111 2297 223 2375 quanto
243 2290 310 2352 aliis
336 2289 402 2370 ipse
431 2291 610 2368 praestabat.
655 2284 789 2369 ¹⁴ltaque
809 2289 991 2366 Alexander,
1022 2292 1248 2372 contemplatus
1276 2301 1307 2355 et
1327 2286 1372 2354 're

111 2409 179 2469 gem
201 2395 232 2448 et
250 2406 355 2466 agmen
373 2387 526 2462 lndomm,
552 2387 701 2462 Tandem,
725 2385 828 2465 inquit,
840 2405 906 2464 par
926 2391 1031 2449 animo
1049 2408 1116 2450 meo
1127 2392 1311 2469 penuriam
1331 2394 1371 2452 oi

111 2487 175 2549 dea.
225 2483 302 2548 Oiiin
327 2482 427 2543 bernis
452 2484 604 2544 simulet
628 2502 700 2542 cuni
724 2484 856 2560 egregiis
882 2486 959 2545 airis
986 2507 1034 2546 res
1059 2492 1111 2546 eil.
1163 2481 1371 2570 ¹⁵lntuensque

112 2583 248 2656 Coenon,
273 2581 375 2649 Quum
396 2597 461 2658 ego,
484 2579 588 2658 inquit,
612 2580 785 2640 Ptolemaeo
806 2578 1011 2660 Perdiccaque
1030 2589 1061 2641 et
1078 2583 1306 2662 Hephaestione
1329 2606 1370 2647 eo

112 2681 241 2739 milatus
265 2678 301 2737 i'n
321 2677 442 2735 laecum
469 2675 601 2735 hornum
626 2694 725 2735 cornu
753 2676 900 2753 impetam
919 2676 1039 2757 secere,
1066 2679 1240 2759 ultraque
1267 2700 1317 2743 me
1341 2685 1371 2742 in

112 2774 211 2835 medio
233 2772 345 2833 ardore
365 2772 550 2846 notaminis,
580 2772 644 2849 spise
669 2771 813 2831 dentum
832 2790 916 2833 mooe
943 2782 975 2833 et
999 2771 1132 2836 turbatis
1156 2779 1253 2856 sigim
1282 2779 1369 2861 infer.

116 2873 176 2946 Tu,
196 2869 357 2946 Antigene,
377 2874 408 2926 et
422 2875 466 2943 tu,
481 2867 648 2942 Leonnato,
669 2874 701 2927 et
716 2869 854 2943 Tauron,
875 2870 1063 2930 inoelinnini
1073 2873 1109 2931 in
1128 2874 1267 2935 mediani
1282 2879 1370 2937 omen

112 2974 142 3027 et
161 2963 307 3044 urgebitis
320 2963 475 3042 frontem.
509 2957 534 3000 ¹⁶
541 2964 659 3025 Hastae
678 2972 801 3024 nostrae
816 2967 1008 3044 praelongae
1026 2974 1058 3026 et
1076 2968 1282 3031 calidaenon
1299 2974 1370 3033 alini

113 3061 223 3138 magis,
251 3078 343 3135 quain
370 3059 515 3118 adonius
542 3057 645 3120 beluas
671 3067 857 3140 rectoresque
891 3081 999 3122 earum
1027 3065 1102 3123 uiui
1124 3084 1186 3125 esse
1208 3076 1370 3145 poterunt:

112 3153 270 3216 deturbate
289 3172 346 3226 eos,
370 3156 426 3230 qui
443 3153 606 3230 vehantur,
633 3163 663 3215 et
685 3157 767 3234 uisas
785 3156 951 3236 confodite.
992 3158 1112 3239 Anceps
1135 3180 1240 3239 geniis
1263 3166 1372 3227 annii

111 3258 158 3310 est
182 3256 213 3309 et
236 3250 271 3307 in
294 3267 362 3308 suos
389 3250 494 3308 acrius
503 3249 606 3328 furit.
649 3252 687 3311 In
709 3251 822 3313 testem
849 3256 932 3314 enim
953 3256 1090 3334 imperio,
1117 3257 1153 3316 in
1174 3276 1249 3321 ireos
1261 3282 1370 3343 penui

111 3347 228 3426 witer.
271 3339 385 3404 ¹⁷llaec
406 3343 567 3424 eloquutus
594 3345 724 3407 eoncitat
746 3368 856 3430 equum
873 3349 1004 3428 primus;
1035 3352 1161 3434 iamque,
1192 3362 1229 3416 ut
1251 3358 1370 3423 destim

179 3523 301 3589 s,i7‚e
354 3525 445 3577 Telis
469 3527 615 3580 hostiurn.
652 3532 724 3581 Nach
747 3533 832 3595 Conj.;
859 3533 898 3582 F.:
929 3541 1013 3583 tanen
1039 3536 1257 3590 insumimus.
1299 3542 1369 3593 Terei

111 3596 198 3645 haben
219 3596 262 3645 die
280 3595 371 3656 codd,
397 3598 481 3646 worin
501 3598 632 3648 vtelleieht
647 3597 767 3665 inpetu
787 3600 922 3652 euthalten
941 3603 983 3652 ist.
1003 3630 1035 3638 —
1058 3619 1206 3670 pagnan-
1219 3608 1368 3661 cientes.

111 3665 136 3714 S.
157 3665 212 3714 Liv.
230 3660 256 3722 7,
274 3660 315 3724 33,
334 3660 380 3741 12:
402 3662 450 3713 hoc
469 3666 615 3729 spectaculo
635 3666 737 3715 aecenn
764 3665 859 3716 deutra
878 3667 1001 3735 laevaque
1018 3678 1080 3720 ante
1099 3686 1128 3720 se
1150 3672 1263 3741 pirisque
1281 3694 1369 3729 m

110 3729 221 3782 roiiiiiini
235 3729 407 3797 proelium
424 3731 522 3781 cient.

180 3820 204 3887 8,
223 3817 266 3883 48,
283 3819 322 3871 10.
360 3820 692 3891 pertranseunte.
712 3824 991 3879 —niooeiontiin
1023 3830 1370 3897 uiiuachiorgonzimii

112 3893 180 3943 dazu
198 3888 332 3956 elephanti,
352 3891 573 3956 welcherBagriti
591 3906 640 3943 aus
659 3894 720 3943 dem
731 3892 846 3958 Vortgan
861 3895 942 3946 leieht
962 3896 1117 3961 ithergreiit.
1135 3925 1168 3933 -
1188 3900 1370 3969 mitigatis

110 3960 164 4010 Das
183 3959 260 4008 Wort
278 3959 324 4007 hat
341 3962 417 4008 sonst
431 3959 483 4009 den
501 3960 674 4023 allgemeinan
694 3962 758 4011 Sion
776 3962 824 4013 des
842 3963 986 4015 Zabmens:
1004 3978 1024 4015 s.
1042 3967 1071 4015 C.
1090 3961 1151 4027 9,8,
1166 3962 1207 4017 16.
1237 3968 1304 4021 liter
1323 3984 1371 4023 roo

112 4028 161 4078 der
177 4026 332 4091 Abhirtung
350 4026 397 4077 des
418 4026 531 4088 Geidhts,
559 4028 608 4078 das
632 4028 677 4078 bel
695 4029 791 4079 wilden
809 4029 971 4093 Elephanton
993 4032 1080 4083 durch
1102 4032 1147 4085 dle
1161 4034 1312 4103 Afflclrung
1327 4040 1371 4091 dei

112 4095 213 4145 Gehdrs
229 4094 375 4158 autgeraizt
391 4094 465 4144 wird.
485 4120 514 4131 -
537 4091 564 4155 8,
581 4091 622 4157 io,
642 4092 683 4148 13.
713 4094 875 4146 Tarriiini.
902 4100 926 4149 S.
944 4095 970 4161 8,
985 4095 1026 4162 ii,
1044 4097 1068 4150 7.

179 4181 204 4246 8,
224 4181 265 4246 48,
286 4181 327 4233 15.
359 4182 521 4234 Dentrem
544 4201 639 4234 inooe.
675 4186 734 4237 wia
753 4189 808 4238 liv.
829 4184 855 4251 i,
872 4185 914 4249 iti
933 4185 961 4238 6:
983 4189 1048 4240 haee
1066 4188 1372 4256 huam-rutinic-

111 4259 189 4318 grato
208 4250 321 4301 clamore
336 4250 437 4316 sequuti
455 4252 519 4301 dent
534 4252 731 4318 impressum,
759 4271 811 4320 qiin
828 4253 970 4306 Postriiiiiiii
986 4256 1068 4309 Atio·
1088 4257 1206 4310 uteris
1231 4260 1372 4314 obiecmt:

113 4326 139 4367 et
157 4324 331 4368 moverunt
354 4319 545 4380 uictorem,
572 4319 651 4370 donea
670 4319 790 4383 dictator,
809 4323 898 4389 pedani
914 4324 968 4373 inni
993 4324 1162 4390 rotantibus
1179 4329 1242 4392 sini,
1262 4332 1370 4383 doerit.

111 4386 149 4436 lb.
167 4383 191 4448 7,
209 4383 233 4447 8,
248 4383 278 4436 3;
301 4384 413 4436 clamore
429 4395 561 4447 rmooato,
579 4387 693 4451 inserunt
710 4389 812 4454 pedena:
837 4398 862 4439 et
876 4391 988 4458 priniiiiii
1004 4393 1091 4460 gradis
1107 4408 1295 4449 niooeriiiit
1313 4400 1371 4451 ho·

112 4458 205 4530 steni‚·
228 4450 316 4501 deinde
333 4452 502 4533 pepulerunt}
525 4462 651 4533 postremo
669 4455 721 4505 inin
737 4456 807 4507 houd
822 4457 896 4508 diibie
913 4468 1040 4513 annunt.
1062 4488 1090 4499 -·
1121 4460 1307 4533 Antigene.
1335 4468 1370 4519 R:

113 4516 257 4584 Antigenes.
278 4548 309 4556 -
337 4521 550 4572 invehemini.
579 4523 617 4574 F.:
639 4522 791 4575 invehimini

179 4605 204 4669 tl,
224 4605 266 4671 ie,
285 4606 323 4659 16.
359 4608 551 4675 confodite.
570 4615 611 4663 i..·
630 4615 784 4679 consumto.
807 4644 835 4655 -
855 4632 989 4686 anceps.
1014 4620 1100 4685 voigi.
1116 4618 1370 4687 metathesis.
