2820 4964
70 163 131 229 rut
541 156 581 240 Q.
603 155 743 220 curru
765 153 861 219 aun

67 326 178 394 ¹rersus
200 329 278 407 fluit,
302 331 409 392 deinde
432 348 525 406 saxo,
551 331 634 410 quod
658 327 808 390 alveolum
831 321 1017 403 interpellat,
1034 336 1251 400 repercussae,
1272 316 1332 381 duo

75 431 179 491 itinera
197 427 280 488 velut
300 425 478 507 dispensatis
508 426 593 505 aquis
618 426 723 506 aperit.
768 420 861 485 ⁵lnde
886 427 1015 482 torrens·
1038 423 1253 501 etlsaxorum,
1280 434 1335 498 per

75 545 151 607 quae
169 524 309 600 incurrit,
331 523 491 603 asperitate
512 521 688 599 violentior,
717 530 827 585 terram
857 534 1005 598 praeceps
1033 515 1121 577 subit.
1164 515 1224 575 Per
1254 513 1334 576 CCC

75 621 170 683 stadia
185 619 325 683 conditus
343 619 470 683 labitur:
500 639 663 700 rursusque
682 618 765 680 velut
785 637 823 678 ex
843 616 904 677 alio
934 616 1018 674 fonte
1045 617 1213 692 conceptus
1235 611 1336 673 editur

74 725 105 780 et
123 708 234 779 novum
257 716 375 779 alveum
394 715 521 778 intendit
545 716 648 794 priore
666 715 714 774 sui
735 719 820 794 parte
841 711 1015 792 spatiosior.
1059 704 1208 789 ⁶Quippe
1233 708 1266 769 in
1294 709 1336 769 la·

75 814 230 876 titudinem
251 813 356 873 decem
376 818 406 873 et
427 812 516 874 trium
534 813 698 873 stadiorum
718 809 906 885 diffunditur,
921 825 1087 887 rursusque
1109 805 1337 885 angustioribus

76 911 228 973 coercitus
251 909 324 988 ripis
345 908 402 970 iter
430 909 527 988 cogit;
556 909 675 969 tandem
703 907 733 967 in
760 905 889 967 alterum
914 924 1032 965 amnem
1062 903 1152 968 cadit.
1195 902 1336 982 Ridagno

74 1026 185 1070 nomen
205 1015 259 1069 est.
303 1001 445 1067 ⁷Incolae
467 1006 662 1081 affirmabant,
687 1022 883 1086 quaecunque
905 1001 1034 1062 demissa
1054 1007 1156 1063 essent
1176 1000 1209 1061 in
1232 1019 1338 1062 caver·

75 1123 152 1181 nam,
168 1121 244 1184 quae
260 1103 387 1182 propior
398 1110 443 1165 est
461 1102 546 1178 fonti,
560 1121 672 1178 rursus,
695 1101 747 1163 ubi
765 1099 846 1161 aliud
863 1118 898 1161 os
919 1097 1014 1160 amnis
1033 1096 1176 1177 aperitur,
1198 1096 1336 1160 existere.

75 1201 177 1279 ltaque
199 1197 371 1261 Alexander
392 1199 483 1275 duos,
515 1219 574 1279 qua
595 1199 724 1259 subeunt
751 1215 846 1277 aquae
872 1201 998 1272 terram,
1022 1194 1217 1275 praecipitari
1245 1195 1338 1271 iubet,

76 1313 204 1376 quorum
227 1315 375 1376 corpora,
400 1295 452 1357 ubi
471 1314 576 1357 rursus
598 1293 742 1374 erumpit,
773 1293 900 1373 expulsa
917 1292 1038 1366 videre,
1067 1291 1120 1372 qui
1139 1291 1223 1355 missi
1243 1298 1337 1369 eraut,

76 1398 109 1453 ut
128 1393 311 1473 exciperent.

159 1491 216 1552 XL
260 1484 431 1571 8Quartum
443 1490 501 1552 iam
520 1489 598 1551 dieur
618 1490 726 1552 eodem
743 1488 815 1550 loco
834 1487 965 1568 quietern
985 1487 1071 1549 militi
1094 1486 1230 1562 dederat,
1247 1507 1338 1568 quum

75 1584 190 1648 litteras
210 1587 413 1666 Nabarzanis,
443 1588 495 1670 qui
514 1590 646 1649 Dareum
669 1607 738 1648 cum
759 1587 855 1648 Besso
875 1584 1093 1664 interceperat,
1114 1583 1240 1663 accipit,
1267 1605 1338 1666 qua-

77 1701 144 1742 rum
166 1683 313 1744 sententia
326 1685 400 1746 haec
421 1691 497 1746 erat:
519 1705 552 1746 se
565 1687 667 1746 Dareo
689 1702 752 1745 non
770 1681 863 1744 fuisse
882 1680 1044 1756 inimicum,
1065 1679 1125 1741 imo
1146 1678 1245 1757 etiam,
1262 1701 1338 1763 qnae

78 1778 255 1840 credidisset
276 1779 360 1839 utilia
381 1800 462 1856 esse,
495 1781 641 1858 suasisse,
668 1787 698 1841 et
721 1780 791 1862 quia
811 1778 900 1839 fidele
923 1777 1083 1839 consilium
1102 1775 1168 1856 regi
1196 1777 1338 1856 dedisset,

78 1892 176 1952 prope
197 1875 331 1934 occisum
353 1875 390 1936 ab
411 1897 457 1939 eo.
501 1873 660 1957 ⁹Agitasse
682 1880 823 1952 Dareum,
845 1875 1012 1937 custodiam
1035 1873 1176 1954 corporis
1196 1874 1246 1936 sui
1268 1895 1339 1937 con-

79 1975 125 2028 tra
143 1968 189 2030 ius
208 1971 312 2050 fasque
333 1974 493 2052 peregrino
516 1974 602 2034 militi
622 1975 756 2050 tradere,
786 1973 923 2033 damnate
940 1970 1134 2052 popularium
1153 1971 1228 2048 fide,
1251 1993 1339 2053 quam

79 2066 305 2142 perducentes
337 2075 367 2129 et
393 2070 514 2149 triginta
537 2091 632 2134 armos
660 2071 830 2133 inviolatam
861 2069 983 2148 regibus
1017 2068 1080 2130 suis
1112 2067 1339 2148 praestitissent

78 2155 106 2199 ¹⁰
119 2161 161 2223 Se
182 2162 212 2222 in
233 2165 391 2245 praecipiti
412 2172 443 2227 et
461 2167 580 2230 lubrico
599 2172 726 2229 stantem
755 2158 962 2229 consilium'a
983 2165 1134 2244 praesenti
1161 2166 1340 2228 necessitate

80 2257 234 2336 repetisse.
277 2263 410 2324 Dareum
430 2283 567 2345 quoquc,
602 2286 693 2345 quum
722 2264 882 2326 occidisset
900 2266 1040 2343 Bagoan,
1068 2263 1125 2325 bac
1145 2263 1340 2324 excusatione

81 2353 261 2418 satisfecisse
290 2359 504 2438 popularibuS,
535 2361 617 2442 quod
652 2361 839 2422 insidiantem
874 2359 1080 2421 interemisset.
1129 2355 1242 2421 ¹¹Ninil
1274 2380 1366 2430 esse,

80 2451 198 2515 miseris
208 2455 383 2518 mortalibus
398 2457 506 2538 spiritu
525 2459 633 2521 carius.
662 2457 776 2519 Amore
797 2458 862 2519 eius
881 2458 921 2518 ad
939 2455 1043 2518 ultima
1063 2475 1131 2519 esse
1150 2457 1341 2537 propulsum

81 2549 143 2609 Sed
174 2570 210 2610 ea
235 2552 328 2630 magis
356 2573 422 2615 esse
453 2562 625 2636 sequutum,
654 2575 730 2638 quae
758 2555 908 2635 coegisset
936 2551 1115 2629 necessitas,
1142 2572 1234 2634 quarn
1264 2575 1341 2636 quae

82 2651 224 2724 optasset.
256 2643 320 2709 12Ιιι
340 2651 491 2713 communi
513 2652 678 2714 calamitate
697 2671 783 2713 suain
803 2670 952 2734 quemque
972 2649 1084 2712 babere
1103 2651 1266 2714 fortunam.
1308 2652 1341 2715 Si

81 2742 183 2803 venire
205 2762 239 2805 se
258 2744 382 2823 iuberet,
403 2747 467 2810 sine
489 2754 571 2811 metu
591 2768 657 2811 esse
677 2753 845 2812 venturum.
886 2747 959 2809 Non
982 2746 1095 2823 timere,
1115 2766 1155 2809 ne
1179 2747 1272 2810 fidem
1293 2749 1343 2809 da

83 2844 142 2900 tam
154 2847 253 2903 tantus
272 2861 326 2903 rex
343 2845 483 2907 violaret:
506 2847 580 2907 deos
598 2867 617 2908 a
638 2847 696 2908 deo
719 2845 782 2906 falli
804 2864 865 2907 non
887 2844 997 2911 solere.
1038 2838 1063 2882 ¹³
1071 2845 1215 2907 Ceterum
1238 2845 1275 2922 si,
1294 2846 1342 2908 cui

83 2934 172 2994 fidem
185 2937 278 3014 daret,
298 2939 451 3002 videretur
460 2943 608 3023 indignus,
629 2943 721 3005 multa
733 2941 820 3003 exilia
831 2946 934 3020 patere
949 2941 1091 3020 fugienti:
1116 2940 1245 3020 patriam
1267 2952 1355 3020 esse·

83 3031 254 3113 ubicunque
277 3034 324 3094 vir
353 3037 439 3098 fortis
471 3040 573 3100 sedem
602 3039 660 3101 sibi
689 3039 821 3119 elegerit.
864 3030 965 3098 ¹⁴Nec
989 3036 1133 3098 dubitavit
1159 3037 1342 3117 Alexander,

84 3126 182 3203 fidem,
206 3147 267 3208 quo
291 3131 401 3192 Persae
422 3133 514 3194 modo
535 3135 731 3213 accipiebant,
754 3132 1043 3212 dare,.inviolatum,
1064 3134 1090 3195 si
1109 3133 1250 3213 venisset,
1268 3138 1341 3199 fore.

86 3295 120 3343 ist
139 3307 183 3344 am
199 3296 459 3364 Nordubhangedes
478 3302 605 3368 Gebirges
625 3318 658 3354 zu
682 3304 791 3355 suchen.
814 3330 842 3340 -
872 3302 1016 3352 itinera.
1056 3304 1082 3353 S.
1106 3315 1138 3352 zu
1156 3300 1183 3363 5,
1204 3300 1231 3366 D,
1252 3278 1340 3356 13)-

84 3358 108 3444 6,
130 3361 171 3442 10,
188 3361 211 3414 5.
245 3364 405 3420 Incurrit.
441 3371 645 3423 Warumuicht
667 3369 804 3422 decurrit?
837 3371 923 3436 Vergl.
945 3368 969 3433 9,
987 3367 1028 3433 ³5,
1044 3368 1119 3422 9.·-
1146 3380 1343 3439 conceptus.

85 3430 159 3482 luere
181 3433 388 3504 Uebcrtragung.

152 3521 277 3589 6,16,6.
303 3527 465 3595 Dictaque.
491 3532 534 3583 F.:
555 3532 728 3600 euiltbidape.
755 3531 925 3583 Nichtn'eher
944 3545 977 3582 zu
988 3531 1159 3582 bestimmen.
1180 3556 1209 3568 -·
1228 3528 1255 3594 6,
1267 3531 1309 3593 10,
1321 3531 1345 3582 7.

88 3589 313 3659 Quaecunque
331 3595 489 3648 demisse.
511 3603 550 3651 Z.:
572 3600 832 3668 quicunquedemissi.
851 3627 879 3637 -
902 3606 961 3648 est.
989 3601 1013 3648 S.
1029 3596 1098 3665 2113,
1110 3594 1186 3663 5,18.
1210 3625 1239 3636 -
1260 3616 1346 3666 upe-

85 3658 184 3710 ritur.
205 3660 246 3710 F.:
266 3663 357 3726 aperit.
378 3668 465 3732 Vergl.
480 3666 504 3731 4,
522 3666 563 3732 38,
581 3668 622 3719 21.
642 3697 671 3706 -
695 3669 785 3718 duos.
805 3668 845 3718 F.:
865 3666 927 3717 duos
946 3674 1041 3716 tauros.

151 3748 177 3812 6,
199 3750 241 3813 11,
261 3751 286 3803 Θ.
323 3754 478 3815 Quietem.
511 3762 536 3810 S.
556 3758 580 3823 4,
592 3758 633 3824 37,
648 3758 692 3810 13:
712 3758 901 3825 paucis—ud
919 3755 1241 3825 quietem-diebusdutis
1262 3759 1348 3810 militi

87 3820 162 3897 Ceres.
181 3820 206 3870 b.
225 3835 247 3871 c.
267 3821 291 3884 7,
311 3820 359 3874 41:
386 3825 466 3877 trihus
486 3827 556 3877 beris
584 3828 666 3877 uectis
687 3829 812 3878 exercitui
835 3828 870 3877 ad
894 3828 1002 3892 quietem
1028 3825 1105 3874 dctis.
1141 3826 1270 3890 Dugegen
1295 3830 1348 3878 le.

86 3885 182 3950 uase,
195 3887 226 3938 1:
244 3890 289 3940 eie
307 3895 452 3944 necessarie
470 3896 552 3962 quiete
575 3896 639 3946 dete
655 3895 786 3946 militibus.
807 3923 835 3933 -
855 3894 1029 3945 sententie
1048 3893 1160 3955 ahnlich,
1178 3895 1248 3945 euch
1268 3909 1349 3946 wenn

87 3956 135 4006 der
154 3959 246 4019 inhalt,
263 3961 306 4010 die
319 3961 545 4026 Hauptgedenken
563 3967 590 4014 in
610 3966 659 4014 der
678 3966 793 4014 cretio
811 3963 953 4013 directe
971 3962 1072 4013 wieder
1089 3960 1209 4025 gegeben
1227 3965 1350 4015 werden.

87 4025 112 4072 S.
133 4027 236 4078 Sallust.
256 4029 315 4094 lug.
333 4029 359 4090 9,
378 4028 399 4092 1,
418 4029 452 4080 13
469 4032 513 4081 fin.
552 4034 587 4082 So
607 4047 712 4094 summe,
732 4035 784 4095 wie
802 4035 828 4082 C.
847 4029 870 4094 6,
890 4028 931 4093 34,
951 4026 990 4080 14.
1009 4027 1033 4090 6,
1052 4025 1093 4091 41,
1116 4026 1154 4078 12.
1171 4031 1263 4094 Virgil.
1284 4033 1349 4083 Aen.

87 4088 111 4151 4,
131 4090 190 4143 237.
210 4096 323 4146 —imo
349 4098 466 4160 etiaim·
491 4101 568 4162 janes
594 4101 691 4150 druckt
708 4114 766 4161 aus,
794 4101 857 4152 dass
879 4101 927 4151 der
949 4098 1071 4162 folgende
1090 4099 1152 4147 satz
1170 4096 1220 4148 das
1238 4099 1352 4163 Gegan-

87 4159 301 4294 1tilpipppeplorpipllptm
320 4168 417 4218 letzten
432 4169 554 4218 Pradicat
573 4168 679 4229 enthelt,
709 4169 805 4232 dieses,
832 4169 895 4220 dass
910 4169 988 4233 jener
1005 4167 1083 4216 einen
1100 4166 1274 4229 steigernden
1293 4170 1351 4218 Ge-

117 4386 122 4396 .
154 4318 281 4385 6,11,9.
310 4324 483 4392 Apitusse.
516 4323 1206 4389 51641616-6,11,1ο.1ωῑαῑαηιεηι.
1234 4326 1351 4388 indere,

89 4397 140 4435 wie
159 4390 195 4451 Z.,
215 4390 263 4442 ius.
282 4393 337 4442 sibi.
358 4422 386 4431 -
421 4391 568 4458 o,11,11.
600 4394 799 4460 sequutum,
824 4410 912 4460 quae
938 4393 1110 4459 coepisset
1135 4393 1351 4455 necessitas,

90 4467 185 4514 queem
203 4477 285 4524 queue
301 4469 461 4527 optasset.
498 4465 525 4514 Z.
550 4464 601 4528 gab
629 4477 696 4513 nur:
721 4471 842 4524 secutum,
868 4479 944 4528 quem
970 4468 1079 4526 optasse,
1102 4476 1164 4512 zum
1187 4461 1261 4514 Thell
1281 4464 1353 4514 nach

90 4521 212 4646 Cauil}
239 4527 330 4648 164141,
350 4528 388 4583 13.
422 4530 496 4581 Sibi
520 4546 573 4582 ven
596 4533 622 4582 Ζ.
649 4532 852 4595 eingeschoben.
872 4558 900 4569 -
933 4527 957 4592 6,
988 4528 1029 4591 11,
1054 4527 1095 4584 u.
1129 4528 1351 4592 Quo-modo.

88 4603 174 4665 Verg.
211 4631 220 4656 ‚
272 4635 278 4658 ‚
315 4636 320 4650 .
