2820 4964
48 171 49 175 ¹
87 162 132 227 so
510 127 515 151 ¹
561 158 760 241 courum
783 157 880 221 nuri

172 329 304 391 XXVII.
347 328 550 390 Hincanimus
562 327 658 390 crevit
673 326 816 404 obsessis,
839 325 1014 408 egressique
1033 329 1123 403 porta
1139 323 1355 388 recedentibus

90 426 222 487 inierunt
238 425 334 504 signa,
357 426 578 487 cunctationem
597 423 728 486 hostium
749 442 834 504 suam
854 423 921 485 tore
940 420 1131 484 occasionem
1150 419 1216 483 rati.
1258 413 1356 485 “Sed

90 522 198 599 acrius,
221 541 310 603 quam
322 521 507 584 constantius
529 519 678 600 proelium
698 519 840 582 inierunt:
860 520 972 600 quippe
992 523 1027 579 ut
1043 516 1246 580 Macedonum
1269 519 1357 598 signa

93 618 256 696 circumagi
276 617 397 692 videre,
419 624 544 697 repente
566 617 675 678 sistunt
696 617 831 696 madum.
873 612 1053 705 lamqnenad
1073 632 1175 693 regem
1202 615 1356 694 proelian-

92 715 166 778 tium
187 714 303 775 clamor
319 721 506 794 pervenerat,
526 733 621 794 quum
639 713 803 776 denuntiati
823 712 950 793 periculi
965 697 1047 773 haitid
1069 730 1140 773 sane
1160 730 1288 789 memor,
1310 712 1357 775 lo-

91 812 185 873 ricam
197 816 303 888 tamem
327 806 416 891 qnam
436 830 507 873 raro
524 809 675 886 induebat,
700 810 804 877 amicis
826 809 981 872 orantibus
1003 807 1131 887 sumpsit
1149 818 1180 869 et
1197 809 1238 870 ad
1258 811 1358 891 prima

92 909 177 988 signa
200 908 345 988 pervenit.
386 903 410 947 ¹⁵
418 909 488 984 Quo
509 913 674 986 conspecto
695 908 794 969 Arabs
816 907 935 988 quidam
954 903 1047 966 Darei
1063 903 1158 980 miles,
1178 905 1275 979 maius
1294 908 1357 968 ior-

91 1013 164 1068 tuna
185 1025 240 1067 sua
257 1005 373 1066 facinus
395 1003 651 1082 ausus-gladium
672 1003 772 1086 clipeo
795 1009 924 1082 tegens,
937 1001 1022 1085 quasi
1043 1001 1206 1082 transfuga,
1228 1004 1356 1082 genibus

92 1101 174 1180 regis
193 1099 375 1162 advolvitur.
417 1099 470 1161 llle
492 1118 652 1178 assurgere
672 1099 840 1179 supplicem
867 1101 1023 1181 recipique
1054 1098 1132 1159 inter
1159 1116 1233 1161 suos
1260 1099 1356 1162 iussit.

92 1193 171 1259 ¹⁶At
188 1197 346 1272 barbarus,
368 1195 470 1276 gladio
488 1202 610 1258 strenue
629 1197 660 1257 in
671 1197 806 1257 dextram
824 1191 978 1272 translato,
1000 1194 1150 1285 cervicem
1174 1193 1291 1274 appetit
1311 1215 1358 1257 re·

92 1290 156 1373 gis:
174 1293 236 1374 qni,
256 1293 364 1372 exigua
381 1293 522 1374 corporis
539 1291 738 1354 declinatione
757 1293 868 1355 evitato
881 1293 951 1368 ictu,
972 1291 1126 1353 iuvenum
1149 1310 1270 1353 manum
1290 1292 1357 1355 bar·

91 1390 159 1452 bari
178 1389 294 1470 lapsam
313 1395 448 1468 amputat
467 1388 577 1470 gladio,
599 1388 773 1452 denuntiato
796 1390 827 1451 in
848 1389 934 1451 illum
954 1387 1034 1449 diem
1055 1387 1202 1468 periculo,
1223 1394 1258 1451 ut
1278 1389 1358 1450 arbi-

93 1485 228 1548 trabatur
239 1485 313 1565 ipse,
333 1468 640 1578 defunctus-:iflsed
659 1497 693 1546 ut
711 1485 831 1566 opinor,
851 1484 1023 1547 inevitabile
1039 1492 1085 1547 est
1099 1487 1202 1549 iatum.
1233 1471 1358 1566 Quippe

94 1583 165 1645 dum
184 1583 263 1645 inter
283 1581 432 1661 primores
454 1581 625 1662 promptius
644 1581 781 1659 dimicat,
804 1582 911 1662 sagitta
930 1583 1008 1644 ictus
1030 1588 1090 1644 est:
1123 1601 1213 1663 quam
1233 1600 1291 1660 per
1312 1581 1359 1645 1ο-

93 1679 187 1739 ricam
198 1679 342 1754 adactam,
361 1685 488 1740 stantem
500 1679 530 1738 in
549 1679 684 1754 humero,
702 1680 838 1742 medicus
856 1680 921 1743 eius
933 1678 1091 1758 Philippus
1110 1677 1219 1740 evellit.
1254 1671 1360 1741 1ΒΡΙιι·

94 1775 188 1836 rimus
211 1775 319 1836 deinde
341 1773 462 1854 sanguis
483 1794 603 1837 manare
625 1775 741 1854 coepit,
762 1778 902 1839 omnibus
922 1776 1050 1852 territis,
1074 1775 1143 1856 quia
1160 1794 1242 1863 npn,
1267 1795 1360 1857 quam

95 1869 154 1932 alte
174 1877 361 1949 penetrasset
379 1871 479 1947 telum,
500 1871 597 1934 lorica
618 1872 765 1948 obstante,
788 1879 1003 1953 cognoverant.
1047 1873 1131 1951 lpse,
1151 1855 1189 1934 rie
1203 1858 1271 1933 oris
1294 1872 1360 1953 qui-

96 1965 164 2027 dem
177 1966 280 2028 colore
293 1973 417 2041 mutato,
440 1969 588 2047 supprimi
606 1968 782 2046 sanguinem
804 1975 833 2030 et
854 1968 963 2030 vulnus
983 1968 1111 2048 obligari
1132 1969 1227 2031 iussit.
1264 1964 1360 2031 191116

96 2063 242 2142 anteipsa
260 2062 345 2142 signa
365 2063 415 2123 vel
436 2063 622 2125 dissimulato
658 2065 704 2126 vel
725 2065 807 2127 vieto
830 2066 938 2127 dolore
960 2064 1148 2145 perstiterat:
1172 2085 1265 2146 quum
1287 2085 1360 2145 sup

95 2165 219 2239 pres'sus
241 2159 333 2239 paulo
360 2165 428 2220 ante
455 2160 577 2240 sanguis
604 2160 838 2240 medicamento,
869 2181 930 2243 quo
958 2167 1092 2223 retentus
1125 2170 1206 2239 erat,
1237 2181 1359 2223 manare

94 2256 216 2336 longius
235 2256 352 2335 coepit,
383 2263 413 2318 et
432 2257 542 2319 vulnus
550 2238 566 2332 ,⁰
585 2257 667 2340 quod
689 2264 814 2337 stupens
835 2258 933 2320 adhuc
955 2255 1094 2318 dolorem
1122 2277 1185 2319 non
1214 2264 1360 2334 moverat,

96 2353 225 2433 frigente
256 2353 401 2433 sanguine
432 2352 578 2415 intumuit.
616 2348 646 2392 ²⁰
655 2353 763 2435 Linqui
789 2356 897 2417 deinde
923 2353 1022 2416 animo
1057 2359 1087 2414 et
1115 2352 1249 2415 submitti
1279 2373 1360 2434 genu

97 2449 212 2530 coepit:
239 2470 328 2531 quem
349 2449 480 2529 proximi
504 2457 665 2528 exceptum
687 2449 718 2510 in
737 2456 835 2512 castra
864 2458 1053 2530 receperunt.
1096 2451 1135 2512 Et
1158 2450 1242 2515 Betis
1269 2450 1361 2512 inter-

96 2546 207 2606 iectum
225 2551 307 2607 ratus
326 2547 431 2608 urbem
453 2565 546 2608 ovans
565 2545 693 2607 victoria
711 2545 828 2624 repetit.

178 2643 325 2704 XXVlll.
367 2637 440 2704 21Αῐ
465 2642 652 2719 Alexander,
677 2641 811 2703 nondum
843 2649 1005 2722 percurato
1035 2642 1175 2721 vulnere,
1208 2663 1360 2726 aggerem,

96 2757 158 2820 quo
170 2739 322 2802 moenium
339 2739 523 2801 altitudinem
544 2746 694 2820 aequaret,
714 2739 853 2816 extruxit,
872 2740 1069 2821 pluribusque
1091 2739 1240 2803 cuniculis
1254 2761 1361 2804 muros

96 2836 203 2898 subrui
221 2837 314 2900 iussit.
352 2831 538 2917 22Oppidani
559 2837 597 2897 ad
622 2835 781 2916 pristinum
807 2836 957 2918 fastigium
985 2838 1138 2900 moenium
1166 2856 1282 2900 novum
1311 2857 1362 2899 ex-

95 2940 216 2996 truxere
235 2934 463 3005 munimentum
485 2932 540 2993 sed
560 2951 598 2993 ne
622 2932 654 2993 id
675 2933 795 3014 quidem
816 2943 913 2994 turres
932 2933 1036 3014 aggeri
1058 2933 1214 3012 impositas
1238 2939 1362 3012 poterat

98 3049 236 3109 aequare.
287 3029 391 3110 ltaque
421 3028 565 3088 interiora
590 3048 710 3109 qnoque
736 3029 819 3089 urbis
850 3028 957 3090 infesta
983 3028 1051 3091 telis
1078 3035 1172 3090 erant
1218 3025 1362 3090 ²³Ultima

164 3168 188 3233 4,
206 3169 248 3234 07,
267 3169 306 3222 13.
342 3168 482 3220 Animus
500 3169 609 3218 crevit
628 3169 794 3232 obsessis,
823 3175 874 3223 wie
895 3173 948 3224 Liv.
969 3169 1010 3237 40,
1029 3170 1070 3237 38,
1087 3171 1116 3224 2:
1130 3173 1210 3224 made
1227 3172 1281 3224 illis
1303 3181 1361 3224 ter-

97 3253 153 3299 ror,
170 3238 246 3288 inde
259 3237 381 3288 Romanis
402 3237 533 3287 emimus
554 3238 665 3288 crevit.
683 3266 712 3275 -
734 3255 826 3289 suem
840 3241 921 3305 fore
939 3243 1161 3293 occasionem.
1180 3238 1360 3306 tietgaudo:

98 3305 288 3368 obscuritatem,
307 3322 372 3372 quae
392 3312 488 3356 ceteros
511 3304 632 3366 terrebat,
652 3322 746 3356 suam
762 3309 979 3359 occasionem
998 3316 1080 3360 retus.
1115 3311 1168 3360 liv.
1188 3306 1230 3372 88,
1252 3307 1293 3373 89,
1313 3307 1360 3360 21:

97 3373 449 3492 armataqsioteqstasqcesis,
476 3388 556 3439 meque
580 3374 753 3424 occasioni
779 3383 859 3426 tatae
880 3376 946 3427 desis
971 3393 1052 3445 meque
1076 3393 1168 3427 suam
1194 3379 1355 3429 occasio·

98 3449 168 3491 nem
209 3443 259 3492 asti
297 3457 330 3492 es.

166 3520 191 3585 4,
208 3521 249 3586 07,
269 3520 309 3574 14.
342 3503 641 3588 Sistantqradcm.
672 3525 697 3574 S.
724 3525 795 3588 Virg.
813 3526 876 3576 Aeo.
894 3521 919 3588 6,
936 3520 999 3574 465:
1022 3524 1109 3574 siste
1128 3523 1271 3590 predam
1291 3531 1365 3591 teque

98 3597 204 3656 aspectas
220 3607 252 3639 ne
277 3588 398 3639 subtrahe
421 3597 518 3640 nestro.
538 3619 569 3626 —
589 3587 615 3651 4,
635 3588 678 3652 17,
699 3589 738 3642 18.
769 3591 850 3652 Quia
866 3608 947 3652 mosa,
968 3608 1066 3657 quam
1084 3590 1156 3643 alte
1171 3599 1364 3659 penetras-

98 3663 148 3707 set
166 3656 277 3708 taleam.
305 3659 346 3710 F.:
375 3657 436 3723 quio
454 3674 583 3724 numquam
603 3665 655 3708 tam
673 3657 727 3708 alta
748 3666 895 3725 penetrasse
922 3658 1006 3709 telam.
1045 3661 1147 3725 Wegen
1177 3661 1226 3711 dar
1245 3661 1365 3725 Stellung

99 3726 148 3777 des
168 3723 477 3791 neeromantia,
496 3723 697 3788 1146161.
718 3725 742 3789 7,
762 3723 803 3790 28,
822 3726 863 3777 tl.
883 3756 911 3766 -
934 3743 978 3779 me.
997 3728 1037 3778 F.:
1056 3743 1112 3777 mec.
1130 3730 1157 3778 S.
1178 3742 1212 3778 zu
1229 3725 1256 3789 3,
1268 3725 1310 3790 29,
1320 3725 1364 3778 24.

167 3803 190 3869 4,
205 3804 247 3869 87,
268 3804 306 3857 10.
345 3806 412 3868 Quo
431 3813 693 3857 ratemtmserat.
735 3808 813 3859 Diese
834 3816 869 3858 W.
889 3810 935 3859 hat
955 3811 980 3860 Z.
1010 3809 1111 3860 wieder
1136 3808 1287 3874 eingelilgt3
1319 3808 1365 3860 bei

98 3874 124 3924 F.
141 3873 227 3926 lehleo
245 3877 284 3926 sie
304 3876 373 3926 nach
391 3877 463 3939 ConJ'.
485 3902 513 3912 -
536 3874 545 3924 1
552 3875 681 3941 capias.
700 3875 739 3926 F.:
760 3875 846 3928 tactas.
874 3879 935 3928 Man
954 3880 1082 3927 erwartet
1100 3879 1164 3929 aher
1184 3874 1289 3943 largius.
1302 3878 1366 3928 ‘ln-

99 3942 162 3994 dess
179 3945 215 3995 ist
233 3941 311 3994 latim
329 3945 403 3994 nieht
419 3944 518 4008 garade
537 3944 691 4007 unpassend
712 3958 745 3993 zu
763 3958 878 3994 nannen.
899 3945 985 4008 Vergt.
1006 3945 1034 3993 C.
1056 3941 1080 4004 9,
1100 3941 1144 4004 2⁸2,
1162 3940 1206 3996 18.
1226 3970 1256 3981 -
1283 3950 1366 3994 stu-

95 4009 1366 4077 pens.F.:recems.Vargl.4‚57,l7:qaiacclidisadiueoulmeribsssaberatdolor.

165 4100 192 4164 4,
211 4100 255 4164 27,
272 4100 315 4154 20.
336 4101 495 4153 Submitti
510 4118 605 4168 qenes.
624 4103 650 4150 S.
670 4103 697 4152 C.
716 4097 858 4165 6,17,18:
877 4119 984 4169 geisae
1000 4102 1202 4153 submittens.
1223 4101 1250 4164 8,
1261 4101 1365 4166 60,30;

100 4185 133 4220 aa
157 4170 314 4221 submisit
331 4199 373 4220 —.
409 4171 568 4222 Glelclrwohl
599 4171 635 4220 ist
661 4170 730 4219 auch
756 4170 799 4220 die
824 4170 881 4220 hier
905 4169 1063 4223 beflodliche
1087 4174 1213 4223 Structur
1235 4171 1307 4222 eben
1335 4185 1367 4222 so

99 4239 302 4303 sprachgema'ss
321 4240 359 4289 als
381 4239 482 4300 dblich;
508 4252 530 4289 s.
552 4238 656 4287 lueret.
684 4235 707 4298 1,
727 4234 775 4287 93:
800 4244 871 4286 mata
896 4245 963 4288 meta
987 4246 1084 4290 terram
1104 4237 1253 4307 gemitus
1282 4238 1368 4289 ssib-

99 4304 325 4372 missapetebat.
352 4332 381 4342 -
416 4321 514 4371 quem.
533 4307 558 4355 Z.
579 4305 648 4354 nach
668 4305 756 4367 Cotti:
778 4321 860 4370 qaam.
881 4304 949 4368 bb,
970 4305 1011 4368 10,
1033 4305 1058 4358 9.
1090 4335 1119 4345 -
1149 4315 1367 4375 receperunt.

100 4372 185 4437 Vergl.
207 4375 378 4436 Virgilian.
398 4371 423 4435 6,
443 4371 499 4425 110.
519 4370 547 4424 1;
573 4369 648 4421 ittam
673 4387 717 4436 eqo
732 4389 781 4438 per
795 4373 911 4437 {tammus
939 4382 963 4424 et
981 4373 1052 4426 milla
1071 4375 1203 4443 sequentia
1227 4374 1280 4426 tela
1299 4373 1368 4425 Eri-

96 4439 144 4503 pai
163 4439 201 4489 lais
227 4439 336 4490 humeris
361 4440 494 4508 medioque
519 4456 551 4489 ec
570 4438 640 4489 beate
664 4438 784 4506 recepi.
804 4468 833 4477 -
864 4457 971 4493 ovans
990 4443 1167 4506 victoria,
1194 4445 1247 4494 wia
1265 4444 1320 4494 Liv.
1344 4441 1367 4505 1,

101 4503 141 4569 11,
153 4503 185 4555 2.-
204 4506 343 4575 duplici
358 4508 518 4560 uictoria
535 4513 686 4559 ovantem
698 4505 956 4561 nomummflerstlta
971 4537 997 4549 -
1010 4519 1093 4562 crat.
1106 4513 1193 4578 Vargl.
1207 4507 1368 4575 11.9,11,34.

164 4593 251 4660 418,
268 4596 309 4649 70.
335 4598 351 4650 1
356 4599 447 4663 istest
459 4616 477 4650 a
497 4598 591 4653 telis.
617 4599 774 4660 Passiviacb,
789 4602 907 4653 wisera
927 4603 961 4655 dc
979 4605 1031 4655 inv.
1042 4600 1067 4666 8,
1087 4601 1130 4668 37,
1150 4601 1215 4679 111:¹
1232 4602 1302 4672 qaod
1317 4620 1368 4656 aa·
