<?xml version="1.0" encoding="UTF-8"?>
<!DOCTYPE html PUBLIC "-//W3C//DTD XHTML 1.0 Transitional//EN"
    "http://www.w3.org/TR/xhtml1/DTD/xhtml1-transitional.dtd">
<html xmlns="http://www.w3.org/1999/xhtml" xml:lang="en" lang="en">
 <head>
  <title>
</title>
<meta http-equiv="Content-Type" content="text/html;charset=utf-8" />
  <meta name='ocr-system' content='tesseract 3.04.00' />
  <meta name='ocr-capabilities' content='ocr_page ocr_carea ocr_par ocr_line ocrx_word'/>
</head>
<body>
  <div class='ocr_page' id='page_1' title='image "./qcurtiirufidege00mtgoog_0155.png"; bbox 0 0 2820 4964; ppageno 0'>
   <div class='ocr_carea' id='block_1_1' title="bbox 283 264 1321 343">
    <p class='ocr_par' dir='ltr' id='par_1_1' title="bbox 283 264 1321 343">
     <span class='ocr_line' id='line_1_1' title="bbox 283 264 1321 343; baseline 0.006 -18"><span class='ocrx_word' id='word_1_1' title='bbox 283 264 320 329; x_wconf 89' lang='lat' dir='ltr'><strong>V.</strong></span> <span class='ocrx_word' id='word_1_2' title='bbox 339 264 427 330; x_wconf 89' lang='lat' dir='ltr'><strong>Xlll.</strong></span> <span class='ocrx_word' id='word_1_3' title='bbox 440 269 458 329; x_wconf 90' lang='lat'>7</span> <span class='ocrx_word' id='word_1_4' title='bbox 471 302 507 314; x_wconf 96' lang='lat'><em>-</em></span> <span class='ocrx_word' id='word_1_5' title='bbox 517 267 545 330; x_wconf 82' lang='grc'><strong>9.</strong></span> <span class='ocrx_word' id='word_1_6' title='bbox 567 264 652 331; x_wconf 81' lang='lat' dir='ltr'><strong>x1V.</strong></span> <span class='ocrx_word' id='word_1_7' title='bbox 675 268 827 331; x_wconf 79' lang='lat'><strong>10-16.</strong></span> <span class='ocrx_word' id='word_1_8' title='bbox 842 266 912 343; x_wconf 61' lang='grc' dir='ltr'><strong>ΧΥ.</strong></span> <span class='ocrx_word' id='word_1_9' title='bbox 938 271 975 332; x_wconf 87' lang='lat'><strong>17</strong></span> <span class='ocrx_word' id='word_1_10' title='bbox 989 305 1022 315; x_wconf 91' lang='lat'>-</span> <span class='ocrx_word' id='word_1_11' title='bbox 1036 271 1087 332; x_wconf 72' lang='lat'><strong>22.</strong></span> <span class='ocrx_word' id='word_1_12' title='bbox 1260 266 1321 332; x_wconf 81' lang='grc'><strong>117</strong></span> 
     </span>
    </p>
   </div>
   <div class='ocr_carea' id='block_1_2' title="bbox 59 426 1347 2815">
    <p class='ocr_par' dir='ltr' id='par_1_2' title="bbox 59 426 1347 2815">
     <span class='ocr_line' id='line_1_2' title="bbox 59 426 1347 517; baseline 0.005 -22"><span class='ocrx_word' id='word_1_13' title='bbox 59 434 155 511; x_wconf 84' lang='lat' dir='ltr'><strong>cebat,</strong></span> <span class='ocrx_word' id='word_1_14' title='bbox 174 440 204 496; x_wconf 95' lang='lat' dir='ltr'><strong>et</strong></span> <span class='ocrx_word' id='word_1_15' title='bbox 222 435 380 514; x_wconf 83' lang='lat' dir='ltr'><strong>sagittariis</strong></span> <span class='ocrx_word' id='word_1_16' title='bbox 401 434 550 517; x_wconf 90' lang='lat' dir='ltr'><strong>equitibus</strong></span> <span class='ocrx_word' id='word_1_17' title='bbox 567 435 611 509; x_wconf 88' lang='lat' dir='ltr'><strong>M,</strong></span> <span class='ocrx_word' id='word_1_18' title='bbox 630 426 788 514; x_wconf 84' lang='lat' dir='ltr'><strong>praecipil,</strong></span> <span class='ocrx_word' id='word_1_19' title='bbox 809 438 844 497; x_wconf 89' lang='lat' dir='ltr'><strong>ut</strong></span> <span class='ocrx_word' id='word_1_20' title='bbox 862 441 1030 498; x_wconf 88' lang='lat' dir='ltr'><strong>castrorum</strong></span> <span class='ocrx_word' id='word_1_21' title='bbox 1050 436 1153 516; x_wconf 86' lang='lat' dir='ltr'><strong>speeie</strong></span> <span class='ocrx_word' id='word_1_22' title='bbox 1173 441 1320 511; x_wconf 88' lang='lat' dir='ltr'><strong>manente,</strong></span> <span class='ocrx_word' id='word_1_23' title='bbox 1340 494 1347 505; x_wconf 88' lang='grc'><strong>,.</strong></span> 
     </span>
     <span class='ocr_line' id='line_1_3' title="bbox 59 530 1320 612; baseline 0.001 -21"><span class='ocrx_word' id='word_1_24' title='bbox 59 531 163 610; x_wconf 88' lang='lat' dir='ltr'><strong>plures</strong></span> <span class='ocrx_word' id='word_1_25' title='bbox 192 532 230 591; x_wconf 89' lang='lat' dir='ltr'><strong>de</strong></span> <span class='ocrx_word' id='word_1_26' title='bbox 259 531 403 593; x_wconf 92' lang='lat' dir='ltr'><strong>industria</strong></span> <span class='ocrx_word' id='word_1_27' title='bbox 427 531 511 610; x_wconf 86' lang='lat' dir='ltr'><strong>ignes</strong></span> <span class='ocrx_word' id='word_1_28' title='bbox 544 530 609 592; x_wconf 91' lang='lat' dir='ltr'><strong>lieri</strong></span> <span class='ocrx_word' id='word_1_29' title='bbox 630 531 770 609; x_wconf 89' lang='lat' dir='ltr'><strong>imperet,</strong></span> <span class='ocrx_word' id='word_1_30' title='bbox 801 550 864 610; x_wconf 89' lang='lat' dir='ltr'><strong>quo</strong></span> <span class='ocrx_word' id='word_1_31' title='bbox 902 533 996 612; x_wconf 84' lang='lat' dir='ltr'><strong>magis</strong></span> <span class='ocrx_word' id='word_1_32' title='bbox 1030 532 1151 593; x_wconf 87' lang='lat' dir='ltr'><strong>barbari</strong></span> <span class='ocrx_word' id='word_1_33' title='bbox 1179 533 1320 608; x_wconf 85' lang='lat' dir='ltr'><strong>credant,</strong></span> 
     </span>
     <span class='ocr_line' id='line_1_4' title="bbox 61 623 1321 707; baseline 0 -19"><span class='ocrx_word' id='word_1_34' title='bbox 61 629 160 706; x_wconf 91' lang='lat' dir='ltr'><strong>ipsum</strong></span> <span class='ocrx_word' id='word_1_35' title='bbox 172 647 273 707; x_wconf 86' lang='lat' dir='ltr'><strong>regem</strong></span> <span class='ocrx_word' id='word_1_36' title='bbox 291 628 445 690; x_wconf 86' lang='lat' dir='ltr'><strong>incastris</strong></span> <span class='ocrx_word' id='word_1_37' title='bbox 467 646 543 689; x_wconf 86' lang='lat' dir='ltr'><strong>esse.</strong></span> <span class='ocrx_word' id='word_1_38' title='bbox 578 623 762 702; x_wconf 82' lang='lat' dir='ltr'><strong>1⁵Ceterum,</strong></span> <span class='ocrx_word' id='word_1_39' title='bbox 785 627 812 687; x_wconf 90' lang='lat' dir='ltr'><strong>si</strong></span> <span class='ocrx_word' id='word_1_40' title='bbox 833 628 911 689; x_wconf 84' lang='lat' dir='ltr'><strong>forte</strong></span> <span class='ocrx_word' id='word_1_41' title='bbox 921 629 1141 690; x_wconf 74' lang='lat' dir='ltr'>Ariobarzanes</span> <span class='ocrx_word' id='word_1_42' title='bbox 1162 628 1321 707; x_wconf 78' lang='lat' dir='ltr'><strong>cognovis-</strong></span> 
     </span>
     <span class='ocr_line' id='line_1_5' title="bbox 59 723 1319 805; baseline -0.002 -19"><span class='ocrx_word' id='word_1_43' title='bbox 59 731 106 786; x_wconf 89' lang='lat' dir='ltr'><strong>set</strong></span> <span class='ocrx_word' id='word_1_44' title='bbox 133 745 189 805; x_wconf 89' lang='lat' dir='ltr'><strong>per</strong></span> <span class='ocrx_word' id='word_1_45' title='bbox 209 725 330 787; x_wconf 89' lang='lat' dir='ltr'><strong>callium</strong></span> <span class='ocrx_word' id='word_1_46' title='bbox 349 725 501 787; x_wconf 79' lang='lat' dir='ltr'><strong>anfractus</strong></span> <span class='ocrx_word' id='word_1_47' title='bbox 521 725 645 800; x_wconf 88' lang='lat' dir='ltr'><strong>intrare,</strong></span> <span class='ocrx_word' id='word_1_48' title='bbox 680 730 719 785; x_wconf 86' lang='lat' dir='ltr'><strong>et‘</strong></span> <span class='ocrx_word' id='word_1_49' title='bbox 731 723 769 785; x_wconf 89' lang='lat' dir='ltr'><strong>ad</strong></span> <span class='ocrx_word' id='word_1_50' title='bbox 787 724 998 803; x_wconf 89' lang='lat' dir='ltr'><strong>occupandum</strong></span> <span class='ocrx_word' id='word_1_51' title='bbox 1017 725 1076 786; x_wconf 89' lang='lat' dir='ltr'><strong>iter</strong></span> <span class='ocrx_word' id='word_1_52' title='bbox 1096 743 1184 785; x_wconf 87' lang='lat' dir='ltr'><strong>suum</strong></span> <span class='ocrx_word' id='word_1_53' title='bbox 1204 729 1319 802; x_wconf 89' lang='lat' dir='ltr'><strong>partem</strong></span> 
     </span>
     <span class='ocr_line' id='line_1_6' title="bbox 60 820 1321 899; baseline 0.001 -19"><span class='ocrx_word' id='word_1_54' title='bbox 60 821 214 898; x_wconf 87' lang='lat' dir='ltr'><strong>copiarum</strong></span> <span class='ocrx_word' id='word_1_55' title='bbox 239 827 384 883; x_wconf 80' lang='lat' dir='ltr'><strong>tentasset</strong></span> <span class='ocrx_word' id='word_1_56' title='bbox 405 840 577 899; x_wconf 90' lang='lat' dir='ltr'><strong>opponere,</strong></span> <span class='ocrx_word' id='word_1_57' title='bbox 603 823 744 884; x_wconf 83' lang='lat' dir='ltr'><strong>Craterus</strong></span> <span class='ocrx_word' id='word_1_58' title='bbox 765 839 834 881; x_wconf 91' lang='lat' dir='ltr'><strong>eum</strong></span> <span class='ocrx_word' id='word_1_59' title='bbox 857 820 940 882; x_wconf 86' lang='lat' dir='ltr'><strong>illato</strong></span> <span class='ocrx_word' id='word_1_60' title='bbox 961 826 1079 882; x_wconf 88' lang='lat' dir='ltr'><strong>terrore</strong></span> <span class='ocrx_word' id='word_1_61' title='bbox 1100 820 1260 897; x_wconf 85' lang='lat' dir='ltr'><strong>retineret,</strong></span> <span class='ocrx_word' id='word_1_62' title='bbox 1282 821 1321 881; x_wconf 89' lang='lat' dir='ltr'><strong>ad</strong></span> 
     </span>
     <span class='ocr_line' id='line_1_7' title="bbox 60 910 1320 997; baseline 0.003 -23"><span class='ocrx_word' id='word_1_63' title='bbox 60 915 186 994; x_wconf 90' lang='lat' dir='ltr'><strong>propius</strong></span> <span class='ocrx_word' id='word_1_64' title='bbox 208 917 378 997; x_wconf 89' lang='lat' dir='ltr'><strong>periculum</strong></span> <span class='ocrx_word' id='word_1_65' title='bbox 401 935 620 979; x_wconf 83' lang='lat' dir='ltr'><strong>conversurum</strong></span> <span class='ocrx_word' id='word_1_66' title='bbox 645 935 769 995; x_wconf 75' lang='lat' dir='ltr'><strong>agmenr</strong></span> <span class='ocrx_word' id='word_1_67' title='bbox 805 910 884 977; x_wconf 63' lang='lat' dir='ltr'><strong>1fisiu</strong></span> <span class='ocrx_word' id='word_1_68' title='bbox 914 923 1013 978; x_wconf 90' lang='lat' dir='ltr'><strong>autem</strong></span> <span class='ocrx_word' id='word_1_69' title='bbox 1038 917 1103 995; x_wconf 86' lang='lat' dir='ltr'><strong>ipse</strong></span> <span class='ocrx_word' id='word_1_70' title='bbox 1130 917 1247 980; x_wconf 88' lang='lat' dir='ltr'><strong>hostem</strong></span> <span class='ocrx_word' id='word_1_71' title='bbox 1278 918 1320 978; x_wconf 82' lang='lat' dir='ltr'><strong>le</strong></span> 
     </span>
     <span class='ocr_line' id='line_1_8' title="bbox 60 1009 1321 1092; baseline 0.004 -24"><span class='ocrx_word' id='word_1_72' title='bbox 60 1009 187 1072; x_wconf 86' lang='lat' dir='ltr'><strong>fellisset</strong></span> <span class='ocrx_word' id='word_1_73' title='bbox 207 1018 237 1071; x_wconf 88' lang='lat' dir='ltr'><strong>et</strong></span> <span class='ocrx_word' id='word_1_74' title='bbox 255 1013 365 1074; x_wconf 90' lang='lat' dir='ltr'><strong>saltum</strong></span> <span class='ocrx_word' id='word_1_75' title='bbox 387 1017 575 1090; x_wconf 76' lang='lat' dir='ltr'><strong>occupasset,</strong></span> <span class='ocrx_word' id='word_1_76' title='bbox 595 1032 688 1092; x_wconf 91' lang='lat' dir='ltr'><strong>quum</strong></span> <span class='ocrx_word' id='word_1_77' title='bbox 708 1012 920 1091; x_wconf 85' lang='lat' dir='ltr'><strong>trepidantium</strong></span> <span class='ocrx_word' id='word_1_78' title='bbox 941 1013 1138 1074; x_wconf 87' lang='lat' dir='ltr'><strong>barbarorum</strong></span> <span class='ocrx_word' id='word_1_79' title='bbox 1161 1013 1321 1074; x_wconf 86' lang='lat' dir='ltr'><strong>tumultum</strong></span> 
     </span>
     <span class='ocr_line' id='line_1_9' title="bbox 59 1104 1321 1193; baseline 0.003 -27"><span class='ocrx_word' id='word_1_80' title='bbox 59 1105 235 1166; x_wconf 86' lang='lat' dir='ltr'><strong>exaudisset</strong></span> <span class='ocrx_word' id='word_1_81' title='bbox 247 1104 509 1189; x_wconf 88' lang='lat' dir='ltr'><strong>[persequentium</strong></span> <span class='ocrx_word' id='word_1_82' title='bbox 521 1107 651 1193; x_wconf 85' lang='lat' dir='ltr'><strong>regem],</strong></span> <span class='ocrx_word' id='word_1_83' title='bbox 673 1108 705 1169; x_wconf 94' lang='lat' dir='ltr'><strong>id</strong></span> <span class='ocrx_word' id='word_1_84' title='bbox 717 1108 816 1187; x_wconf 90' lang='lat' dir='ltr'><strong>ipsum</strong></span> <span class='ocrx_word' id='word_1_85' title='bbox 830 1109 895 1184; x_wconf 91' lang='lat' dir='ltr'><strong>iter,</strong></span> <span class='ocrx_word' id='word_1_86' title='bbox 915 1129 977 1189; x_wconf 91' lang='lat' dir='ltr'><strong>quo</strong></span> <span class='ocrx_word' id='word_1_87' title='bbox 990 1108 1087 1188; x_wconf 88' lang='lat' dir='ltr'><strong>pridie</strong></span> <span class='ocrx_word' id='word_1_88' title='bbox 1103 1108 1182 1188; x_wconf 90' lang='lat' dir='ltr'><strong>pulsi</strong></span> <span class='ocrx_word' id='word_1_89' title='bbox 1194 1109 1321 1184; x_wconf 81' lang='lat' dir='ltr'><strong>fuerant,</strong></span> 
     </span>
     <span class='ocr_line' id='line_1_10' title="bbox 60 1201 1271 1295; baseline 0.007 -34"><span class='ocrx_word' id='word_1_90' title='bbox 60 1221 99 1264; x_wconf 88' lang='lat' dir='ltr'><strong>ne</strong></span> <span class='ocrx_word' id='word_1_91' title='bbox 122 1201 272 1265; x_wconf 85' lang='lat' dir='ltr'><strong>dubitaret</strong></span> <span class='ocrx_word' id='word_1_92' title='bbox 295 1205 426 1284; x_wconf 83' lang='lat' dir='ltr'><strong>ingredi:</strong></span> <span class='ocrx_word' id='word_1_93' title='bbox 447 1205 561 1286; x_wconf 87' lang='lat' dir='ltr'><strong>quippe</strong></span> <span class='ocrx_word' id='word_1_94' title='bbox 579 1224 708 1295; x_wconf 70' lang='lat' dir='ltr'><strong>uacuum</strong></span> <span class='ocrx_word' id='word_1_95' title='bbox 729 1205 796 1267; x_wconf 83' lang='lat' dir='ltr'><strong>lore</strong></span> <span class='ocrx_word' id='word_1_96' title='bbox 817 1203 954 1267; x_wconf 85' lang='lat' dir='ltr'><strong>hostibus</strong></span> <span class='ocrx_word' id='word_1_97' title='bbox 977 1205 1008 1265; x_wconf 92' lang='lat' dir='ltr'><strong>in</strong></span> <span class='ocrx_word' id='word_1_98' title='bbox 1029 1211 1126 1266; x_wconf 88' lang='lat' dir='ltr'><strong>semet</strong></span> <span class='ocrx_word' id='word_1_99' title='bbox 1147 1206 1271 1269; x_wconf 85' lang='lat' dir='ltr'><strong>aversis.</strong></span> 
     </span>
     <span class='ocr_line' id='line_1_11' title="bbox 145 1293 1322 1382; baseline 0.006 -25"><span class='ocrx_word' id='word_1_100' title='bbox 145 1298 219 1361; x_wconf 90' lang='lat' dir='ltr'><strong>XV.</strong></span> <span class='ocrx_word' id='word_1_101' title='bbox 246 1293 359 1378; x_wconf 85' lang='lat' dir='ltr'><strong>-¹⁷lpse</strong></span> <span class='ocrx_word' id='word_1_102' title='bbox 379 1301 466 1364; x_wconf 88' lang='lat' dir='ltr'><strong>tertia</strong></span> <span class='ocrx_word' id='word_1_103' title='bbox 486 1300 590 1380; x_wconf 85' lang='lat' dir='ltr'><strong>vigilia</strong></span> <span class='ocrx_word' id='word_1_104' title='bbox 608 1300 709 1363; x_wconf 82' lang='lat' dir='ltr'><strong>silenti</strong></span> <span class='ocrx_word' id='word_1_105' title='bbox 728 1301 846 1380; x_wconf 84' lang='lat' dir='ltr'><strong>agmine</strong></span> <span class='ocrx_word' id='word_1_106' title='bbox 881 1320 917 1362; x_wconf 89' lang='lat' dir='ltr'><strong>ac</strong></span> <span class='ocrx_word' id='word_1_107' title='bbox 935 1321 974 1362; x_wconf 90' lang='lat' dir='ltr'><strong>ne</strong></span> <span class='ocrx_word' id='word_1_108' title='bbox 1006 1301 1078 1362; x_wconf 88' lang='lat' dir='ltr'><strong>tuba</strong></span> <span class='ocrx_word' id='word_1_109' title='bbox 1106 1301 1227 1382; x_wconf 89' lang='lat' dir='ltr'><strong>quidem</strong></span> <span class='ocrx_word' id='word_1_110' title='bbox 1250 1303 1322 1364; x_wconf 88' lang='lat' dir='ltr'><strong>dato</strong></span> 
     </span>
     <span class='ocr_line' id='line_1_12' title="bbox 60 1394 1322 1476; baseline 0.003 -21"><span class='ocrx_word' id='word_1_111' title='bbox 60 1394 149 1473; x_wconf 83' lang='lat' dir='ltr'><strong>signo</strong></span> <span class='ocrx_word' id='word_1_112' title='bbox 177 1394 276 1473; x_wconf 86' lang='lat' dir='ltr'><strong>pergit</strong></span> <span class='ocrx_word' id='word_1_113' title='bbox 303 1396 342 1458; x_wconf 93' lang='lat' dir='ltr'><strong>ad</strong></span> <span class='ocrx_word' id='word_1_114' title='bbox 371 1397 606 1459; x_wconf 87' lang='lat' dir='ltr'><strong>demonstratum</strong></span> <span class='ocrx_word' id='word_1_115' title='bbox 634 1396 692 1465; x_wconf 90' lang='lat' dir='ltr'><strong>iter</strong></span> <span class='ocrx_word' id='word_1_116' title='bbox 720 1395 850 1456; x_wconf 85' lang='lat' dir='ltr'><strong>callium.</strong></span> <span class='ocrx_word' id='word_1_117' title='bbox 894 1396 1001 1457; x_wconf 82' lang='lat' dir='ltr'><strong>Tridui</strong></span> <span class='ocrx_word' id='word_1_118' title='bbox 1032 1396 1172 1457; x_wconf 85' lang='lat' dir='ltr'><strong>alimenta</strong></span> <span class='ocrx_word' id='word_1_119' title='bbox 1199 1405 1322 1476; x_wconf 87' lang='lat' dir='ltr'><strong>portare</strong></span> 
     </span>
     <span class='ocr_line' id='line_1_13' title="bbox 61 1485 1323 1570; baseline 0.003 -21"><span class='ocrx_word' id='word_1_120' title='bbox 61 1489 186 1550; x_wconf 90' lang='lat' dir='ltr'><strong>militem</strong></span> <span class='ocrx_word' id='word_1_121' title='bbox 208 1491 337 1552; x_wconf 87' lang='lat' dir='ltr'><strong>iusserat</strong></span> <span class='ocrx_word' id='word_1_122' title='bbox 355 1491 462 1553; x_wconf 87' lang='lat' dir='ltr'><strong>leviter</strong></span> <span class='ocrx_word' id='word_1_123' title='bbox 482 1496 635 1553; x_wconf 86' lang='lat' dir='ltr'><strong>armatum.</strong></span> <span class='ocrx_word' id='word_1_124' title='bbox 675 1485 773 1552; x_wconf 55' lang='lat' dir='ltr'><strong>¹{³Sed</strong></span> <span class='ocrx_word' id='word_1_125' title='bbox 790 1498 911 1568; x_wconf 89' lang='lat' dir='ltr'><strong>praeter</strong></span> <span class='ocrx_word' id='word_1_126' title='bbox 932 1491 1027 1552; x_wconf 87' lang='lat' dir='ltr'><strong>invias</strong></span> <span class='ocrx_word' id='word_1_127' title='bbox 1050 1511 1142 1570; x_wconf 88' lang='lat' dir='ltr'><strong>rupes</strong></span> <span class='ocrx_word' id='word_1_128' title='bbox 1173 1511 1209 1552; x_wconf 88' lang='lat' dir='ltr'><strong>ae</strong></span> <span class='ocrx_word' id='word_1_129' title='bbox 1237 1512 1323 1570; x_wconf 88' lang='lat' dir='ltr'><strong>prae-</strong></span> 
     </span>
     <span class='ocr_line' id='line_1_14' title="bbox 62 1582 1323 1671; baseline 0.001 -24"><span class='ocrx_word' id='word_1_130' title='bbox 62 1582 157 1665; x_wconf 86' lang='lat' dir='ltr'><strong>rupta</strong></span> <span class='ocrx_word' id='word_1_131' title='bbox 171 1606 243 1647; x_wconf 88' lang='lat' dir='ltr'><strong>saxa</strong></span> <span class='ocrx_word' id='word_1_132' title='bbox 264 1587 424 1666; x_wconf 84' lang='lat' dir='ltr'><strong>vestigium</strong></span> <span class='ocrx_word' id='word_1_133' title='bbox 442 1588 569 1650; x_wconf 88' lang='lat' dir='ltr'><strong>subinde</strong></span> <span class='ocrx_word' id='word_1_134' title='bbox 591 1586 724 1648; x_wconf 82' lang='lat' dir='ltr'><strong>fallentia</strong></span> <span class='ocrx_word' id='word_1_135' title='bbox 751 1585 802 1647; x_wconf 88' lang='lat' dir='ltr'><strong>nix</strong></span> <span class='ocrx_word' id='word_1_136' title='bbox 828 1585 977 1648; x_wconf 88' lang='lat' dir='ltr'><strong>cumulata</strong></span> <span class='ocrx_word' id='word_1_137' title='bbox 1003 1593 1095 1648; x_wconf 89' lang='lat' dir='ltr'><strong>vento</strong></span> <span class='ocrx_word' id='word_1_138' title='bbox 1121 1587 1323 1671; x_wconf 79' lang='lat' dir='ltr'><strong>ingredientes</strong></span> 
     </span>
     <span class='ocr_line' id='line_1_15' title="bbox 62 1681 1323 1763; baseline 0.002 -21"><span class='ocrx_word' id='word_1_139' title='bbox 62 1683 215 1761; x_wconf 83' lang='lat' dir='ltr'><strong>fatigabat:</strong></span> <span class='ocrx_word' id='word_1_140' title='bbox 236 1682 348 1762; x_wconf 87' lang='lat' dir='ltr'><strong>quippe</strong></span> <span class='ocrx_word' id='word_1_141' title='bbox 370 1685 453 1746; x_wconf 90' lang='lat' dir='ltr'><strong>velut</strong></span> <span class='ocrx_word' id='word_1_142' title='bbox 473 1685 503 1743; x_wconf 93' lang='lat' dir='ltr'><strong>in</strong></span> <span class='ocrx_word' id='word_1_143' title='bbox 523 1684 626 1744; x_wconf 85' lang='lat' dir='ltr'><strong>foveas</strong></span> <span class='ocrx_word' id='word_1_144' title='bbox 646 1681 737 1743; x_wconf 90' lang='lat' dir='ltr'><strong>delati</strong></span> <span class='ocrx_word' id='word_1_145' title='bbox 755 1681 977 1759; x_wconf 82' lang='lat' dir='ltr'><strong>hauriebantur,</strong></span> <span class='ocrx_word' id='word_1_146' title='bbox 997 1689 1029 1744; x_wconf 85' lang='lat' dir='ltr'><strong>et</strong></span> <span class='ocrx_word' id='word_1_147' title='bbox 1047 1702 1140 1763; x_wconf 90' lang='lat' dir='ltr'><strong>quum</strong></span> <span class='ocrx_word' id='word_1_148' title='bbox 1160 1704 1179 1744; x_wconf 89' lang='lat' dir='ltr'><strong>a</strong></span> <span class='ocrx_word' id='word_1_149' title='bbox 1200 1683 1323 1744; x_wconf 89' lang='lat' dir='ltr'><strong>commi·</strong></span> 
     </span>
     <span class='ocr_line' id='line_1_16' title="bbox 61 1774 1322 1861; baseline 0.003 -24"><span class='ocrx_word' id='word_1_150' title='bbox 61 1777 205 1839; x_wconf 90' lang='lat' dir='ltr'><strong>litonibus</strong></span> <span class='ocrx_word' id='word_1_151' title='bbox 228 1778 442 1855; x_wconf 85' lang='lat' dir='ltr'><strong>allevarentur,</strong></span> <span class='ocrx_word' id='word_1_152' title='bbox 472 1779 630 1840; x_wconf 84' lang='lat' dir='ltr'><strong>trahebant</strong></span> <span class='ocrx_word' id='word_1_153' title='bbox 657 1776 752 1856; x_wconf 78' lang='lat' dir='ltr'><strong>magis</strong></span> <span class='ocrx_word' id='word_1_154' title='bbox 778 1777 967 1854; x_wconf 86' lang='lat' dir='ltr'><strong>adiuvantes,</strong></span> <span class='ocrx_word' id='word_1_155' title='bbox 1000 1774 1322 1861; x_wconf 78' lang='lat' dir='ltr'><strong>quam&#39;sequebantur.</strong></span> 
     </span>
     <span class='ocr_line' id='line_1_17' title="bbox 61 1868 1324 1956; baseline 0.005 -24"><span class='ocrx_word' id='word_1_156' title='bbox 61 1868 87 1910; x_wconf 82' lang='lat'><strong>¹⁹</strong></span> <span class='ocrx_word' id='word_1_157' title='bbox 100 1873 173 1933; x_wconf 90' lang='lat' dir='ltr'><strong>Nox</strong></span> <span class='ocrx_word' id='word_1_158' title='bbox 191 1894 311 1955; x_wconf 90' lang='lat' dir='ltr'><strong>quoque</strong></span> <span class='ocrx_word' id='word_1_159' title='bbox 334 1882 364 1937; x_wconf 91' lang='lat' dir='ltr'><strong>et</strong></span> <span class='ocrx_word' id='word_1_160' title='bbox 384 1877 487 1956; x_wconf 82' lang='lat' dir='ltr'><strong>ignota</strong></span> <span class='ocrx_word' id='word_1_161' title='bbox 509 1876 594 1954; x_wconf 82' lang='lat' dir='ltr'><strong>regio</strong></span> <span class='ocrx_word' id='word_1_162' title='bbox 616 1894 652 1936; x_wconf 90' lang='lat' dir='ltr'><strong>ac</strong></span> <span class='ocrx_word' id='word_1_163' title='bbox 675 1874 754 1950; x_wconf 85' lang='lat' dir='ltr'><strong>dux,</strong></span> <span class='ocrx_word' id='word_1_164' title='bbox 774 1873 936 1951; x_wconf 87' lang='lat' dir='ltr'><strong>incertum,</strong></span> <span class='ocrx_word' id='word_1_165' title='bbox 958 1895 997 1936; x_wconf 89' lang='lat' dir='ltr'><strong>au</strong></span> <span class='ocrx_word' id='word_1_166' title='bbox 1018 1876 1090 1937; x_wconf 86' lang='lat' dir='ltr'><strong>satis</strong></span> <span class='ocrx_word' id='word_1_167' title='bbox 1111 1876 1203 1952; x_wconf 83' lang='lat' dir='ltr'><strong>fidus,</strong></span> <span class='ocrx_word' id='word_1_168' title='bbox 1227 1877 1324 1939; x_wconf 89' lang='lat' dir='ltr'><strong>multi-</strong></span> 
     </span>
     <span class='ocr_line' id='line_1_18' title="bbox 62 1969 1324 2052; baseline 0.005 -24"><span class='ocrx_word' id='word_1_169' title='bbox 62 1969 215 2048; x_wconf 89' lang='lat' dir='ltr'><strong>plicabant</strong></span> <span class='ocrx_word' id='word_1_170' title='bbox 234 1977 361 2032; x_wconf 89' lang='lat' dir='ltr'><strong>metum:</strong></span> <span class='ocrx_word' id='word_1_171' title='bbox 384 1972 411 2033; x_wconf 92' lang='lat' dir='ltr'><strong>si</strong></span> <span class='ocrx_word' id='word_1_172' title='bbox 433 1973 575 2034; x_wconf 82' lang='lat' dir='ltr'><strong>custodes</strong></span> <span class='ocrx_word' id='word_1_173' title='bbox 594 1970 764 2047; x_wconf 80' lang='lat' dir='ltr'><strong>fefellisset,</strong></span> <span class='ocrx_word' id='word_1_174' title='bbox 785 1969 872 2052; x_wconf 88' lang='lat' dir='ltr'><strong>quasi</strong></span> <span class='ocrx_word' id='word_1_175' title='bbox 891 1970 970 2031; x_wconf 85' lang='lat' dir='ltr'><strong>feras</strong></span> <span class='ocrx_word' id='word_1_176' title='bbox 995 1970 1106 2033; x_wconf 84' lang='lat' dir='ltr'><strong>bestias</strong></span> <span class='ocrx_word' id='word_1_177' title='bbox 1127 1971 1212 2050; x_wconf 78' lang='lat' dir='ltr'><strong>ipsos</strong></span> <span class='ocrx_word' id='word_1_178' title='bbox 1232 1990 1324 2051; x_wconf 85' lang='lat' dir='ltr'><strong>posse</strong></span> 
     </span>
     <span class='ocr_line' id='line_1_19' title="bbox 63 2066 1323 2148; baseline 0.004 -23"><span class='ocrx_word' id='word_1_179' title='bbox 63 2066 255 2144; x_wconf 90' lang='lat' dir='ltr'><strong>deprehendi.</strong></span> <span class='ocrx_word' id='word_1_180' title='bbox 299 2068 346 2128; x_wconf 86' lang='lat' dir='ltr'><strong>Ex</strong></span> <span class='ocrx_word' id='word_1_181' title='bbox 368 2069 456 2131; x_wconf 90' lang='lat' dir='ltr'><strong>unius</strong></span> <span class='ocrx_word' id='word_1_182' title='bbox 479 2068 592 2148; x_wconf 90' lang='lat' dir='ltr'><strong>captivi</strong></span> <span class='ocrx_word' id='word_1_183' title='bbox 609 2067 659 2128; x_wconf 88' lang='lat' dir='ltr'><strong>vel</strong></span> <span class='ocrx_word' id='word_1_184' title='bbox 679 2067 738 2128; x_wconf 89' lang='lat' dir='ltr'><strong>fide</strong></span> <span class='ocrx_word' id='word_1_185' title='bbox 758 2066 807 2128; x_wconf 90' lang='lat' dir='ltr'><strong>vel</strong></span> <span class='ocrx_word' id='word_1_186' title='bbox 824 2067 923 2128; x_wconf 85' lang='lat' dir='ltr'><strong>anima</strong></span> <span class='ocrx_word' id='word_1_187' title='bbox 940 2066 1072 2146; x_wconf 86' lang='lat' dir='ltr'><strong>pendere</strong></span> <span class='ocrx_word' id='word_1_188' title='bbox 1096 2074 1127 2127; x_wconf 92' lang='lat' dir='ltr'><strong>et</strong></span> <span class='ocrx_word' id='word_1_189' title='bbox 1145 2066 1226 2146; x_wconf 71' lang='lat' dir='ltr'><strong>regie</strong></span> <span class='ocrx_word' id='word_1_190' title='bbox 1246 2069 1323 2130; x_wconf 87' lang='lat' dir='ltr'><strong>salu·</strong></span> 
     </span>
     <span class='ocr_line' id='line_1_20' title="bbox 62 2159 1324 2242; baseline 0.002 -19"><span class='ocrx_word' id='word_1_191' title='bbox 62 2167 124 2223; x_wconf 87' lang='lat' dir='ltr'><strong>tem</strong></span> <span class='ocrx_word' id='word_1_192' title='bbox 143 2169 173 2223; x_wconf 93' lang='lat' dir='ltr'><strong>et</strong></span> <span class='ocrx_word' id='word_1_193' title='bbox 196 2181 290 2223; x_wconf 91' lang='lat' dir='ltr'><strong>suam.</strong></span> <span class='ocrx_word' id='word_1_194' title='bbox 327 2159 357 2201; x_wconf 80' lang='lat'><strong>²⁰</strong></span> <span class='ocrx_word' id='word_1_195' title='bbox 366 2165 501 2224; x_wconf 80' lang='lat' dir='ltr'><strong>Tandem</strong></span> <span class='ocrx_word' id='word_1_196' title='bbox 530 2182 641 2223; x_wconf 90' lang='lat' dir='ltr'><strong>venere</strong></span> <span class='ocrx_word' id='word_1_197' title='bbox 657 2162 701 2223; x_wconf 92' lang='lat' dir='ltr'><strong>.in</strong></span> <span class='ocrx_word' id='word_1_198' title='bbox 730 2163 841 2241; x_wconf 85' lang='lat' dir='ltr'><strong>iugum.</strong></span> <span class='ocrx_word' id='word_1_199' title='bbox 883 2162 911 2222; x_wconf 80' lang='grc' dir='ltr'>Α</span> <span class='ocrx_word' id='word_1_200' title='bbox 942 2163 1048 2222; x_wconf 84' lang='lat' dir='ltr'><strong>dextra</strong></span> <span class='ocrx_word' id='word_1_201' title='bbox 1077 2162 1135 2224; x_wconf 85' lang='lat' dir='ltr'><strong>iter</strong></span> <span class='ocrx_word' id='word_1_202' title='bbox 1158 2164 1198 2225; x_wconf 89' lang='lat' dir='ltr'><strong>ad</strong></span> <span class='ocrx_word' id='word_1_203' title='bbox 1223 2164 1324 2242; x_wconf 88' lang='lat' dir='ltr'><strong>ipsum</strong></span> 
     </span>
     <span class='ocr_line' id='line_1_21' title="bbox 61 2257 1324 2339; baseline 0.002 -21"><span class='ocrx_word' id='word_1_204' title='bbox 61 2258 298 2319; x_wconf 84' lang='lat' dir='ltr'><strong>Ariobarzanem</strong></span> <span class='ocrx_word' id='word_1_205' title='bbox 320 2264 395 2317; x_wconf 90' lang='lat' dir='ltr'><strong>erat:</strong></span> <span class='ocrx_word' id='word_1_206' title='bbox 421 2258 469 2317; x_wconf 90' lang='lat' dir='ltr'><strong>hie</strong></span> <span class='ocrx_word' id='word_1_207' title='bbox 490 2258 638 2318; x_wconf 87' lang='lat' dir='ltr'><strong>Philotam</strong></span> <span class='ocrx_word' id='word_1_208' title='bbox 667 2264 698 2318; x_wconf 90' lang='lat' dir='ltr'><strong>et</strong></span> <span class='ocrx_word' id='word_1_209' title='bbox 714 2257 844 2319; x_wconf 81' lang='lat' dir='ltr'><strong>Coenon</strong></span> <span class='ocrx_word' id='word_1_210' title='bbox 874 2278 942 2320; x_wconf 87' lang='lat' dir='ltr'><strong>curn</strong></span> <span class='ocrx_word' id='word_1_211' title='bbox 964 2258 1095 2336; x_wconf 77' lang='lat' dir='ltr'><strong>Amynta</strong></span> <span class='ocrx_word' id='word_1_212' title='bbox 1126 2263 1158 2319; x_wconf 90' lang='lat' dir='ltr'><strong>et</strong></span> <span class='ocrx_word' id='word_1_213' title='bbox 1177 2258 1324 2339; x_wconf 89' lang='lat' dir='ltr'><strong>Polyper-</strong></span> 
     </span>
     <span class='ocr_line' id='line_1_22' title="bbox 61 2350 1324 2435; baseline 0.002 -20"><span class='ocrx_word' id='word_1_214' title='bbox 61 2358 170 2428; x_wconf 80' lang='lat' dir='ltr'><strong>conte,</strong></span> <span class='ocrx_word' id='word_1_215' title='bbox 199 2350 369 2429; x_wconf 87' lang='lat' dir='ltr'><strong>expeditam</strong></span> <span class='ocrx_word' id='word_1_216' title='bbox 388 2350 529 2411; x_wconf 90' lang='lat' dir='ltr'><strong>habentes</strong></span> <span class='ocrx_word' id='word_1_217' title='bbox 553 2371 689 2426; x_wconf 91' lang='lat' dir='ltr'><strong>manum,</strong></span> <span class='ocrx_word' id='word_1_218' title='bbox 719 2353 876 2434; x_wconf 86' lang='lat' dir='ltr'><strong>relinquit,</strong></span> <span class='ocrx_word' id='word_1_219' title='bbox 904 2354 1050 2429; x_wconf 88' lang='lat' dir='ltr'><strong>monitos,</strong></span> <span class='ocrx_word' id='word_1_220' title='bbox 1079 2360 1114 2416; x_wconf 92' lang='lat' dir='ltr'><strong>ut</strong></span> <span class='ocrx_word' id='word_1_221' title='bbox 1134 2353 1205 2434; x_wconf 89' lang='lat' dir='ltr'><strong>quia</strong></span> <span class='ocrx_word' id='word_1_222' title='bbox 1229 2374 1324 2435; x_wconf 85' lang='lat' dir='ltr'><strong>eques</strong></span> 
     </span>
     <span class='ocr_line' id='line_1_23' title="bbox 61 2446 1327 2529; baseline 0.002 -20"><span class='ocrx_word' id='word_1_223' title='bbox 61 2448 158 2529; x_wconf 88' lang='lat' dir='ltr'><strong>pediti</strong></span> <span class='ocrx_word' id='word_1_224' title='bbox 178 2453 242 2507; x_wconf 89' lang='lat' dir='ltr'><strong>erat</strong></span> <span class='ocrx_word' id='word_1_225' title='bbox 264 2447 383 2521; x_wconf 89' lang='lat' dir='ltr'><strong>mixtus,</strong></span> <span class='ocrx_word' id='word_1_226' title='bbox 408 2465 466 2527; x_wconf 86' lang='lat' dir='ltr'><strong>qua</strong></span> <span class='ocrx_word' id='word_1_227' title='bbox 488 2446 715 2525; x_wconf 85' lang='lat' dir='ltr'><strong>pinguissimum</strong></span> <span class='ocrx_word' id='word_1_228' title='bbox 736 2454 816 2510; x_wconf 91' lang='lat' dir='ltr'><strong>esset</strong></span> <span class='ocrx_word' id='word_1_229' title='bbox 837 2449 936 2510; x_wconf 90' lang='lat' dir='ltr'><strong>solum</strong></span> <span class='ocrx_word' id='word_1_230' title='bbox 960 2457 990 2510; x_wconf 91' lang='lat' dir='ltr'><strong>et</strong></span> <span class='ocrx_word' id='word_1_231' title='bbox 1006 2448 1110 2528; x_wconf 88' lang='lat' dir='ltr'><strong>pabuli</strong></span> <span class='ocrx_word' id='word_1_232' title='bbox 1132 2449 1238 2524; x_wconf 85' lang='lat' dir='ltr'><strong>fertile,</strong></span> <span class='ocrx_word' id='word_1_233' title='bbox 1258 2470 1327 2511; x_wconf 92' lang='lat' dir='ltr'><strong>sen-</strong></span> 
     </span>
     <span class='ocr_line' id='line_1_24' title="bbox 62 2533 1325 2624; baseline 0.002 -20"><span class='ocrx_word' id='word_1_234' title='bbox 62 2546 121 2605; x_wconf 91' lang='lat' dir='ltr'><strong>sim</strong></span> <span class='ocrx_word' id='word_1_235' title='bbox 139 2543 358 2621; x_wconf 82' lang='lat' dir='ltr'><strong>procederent:</strong></span> <span class='ocrx_word' id='word_1_236' title='bbox 390 2542 483 2602; x_wconf 89' lang='lat' dir='ltr'><strong>duces</strong></span> <span class='ocrx_word' id='word_1_237' title='bbox 505 2533 590 2602; x_wconf 84' lang='lat' dir='ltr'><strong>erant</strong></span> <span class='ocrx_word' id='word_1_238' title='bbox 611 2541 725 2604; x_wconf 90' lang='lat' dir='ltr'><strong>itineris</strong></span> <span class='ocrx_word' id='word_1_239' title='bbox 745 2543 782 2604; x_wconf 91' lang='lat' dir='ltr'><strong>de</strong></span> <span class='ocrx_word' id='word_1_240' title='bbox 801 2543 927 2624; x_wconf 88' lang='lat' dir='ltr'><strong>captivis</strong></span> <span class='ocrx_word' id='word_1_241' title='bbox 950 2545 1019 2606; x_wconf 91' lang='lat' dir='ltr'><strong>dati.</strong></span> <span class='ocrx_word' id='word_1_242' title='bbox 1063 2539 1162 2622; x_wconf 75' lang='lat' dir='ltr'><strong>²¹lpse</strong></span> <span class='ocrx_word' id='word_1_243' title='bbox 1191 2562 1259 2605; x_wconf 89' lang='lat' dir='ltr'><strong>cum</strong></span> <span class='ocrx_word' id='word_1_244' title='bbox 1278 2565 1325 2607; x_wconf 90' lang='lat' dir='ltr'><strong>ar-</strong></span> 
     </span>
     <span class='ocr_line' id='line_1_25' title="bbox 63 2637 1327 2719; baseline 0.002 -18"><span class='ocrx_word' id='word_1_245' title='bbox 63 2639 184 2718; x_wconf 83' lang='lat' dir='ltr'><strong>migeris</strong></span> <span class='ocrx_word' id='word_1_246' title='bbox 208 2644 238 2698; x_wconf 91' lang='lat' dir='ltr'><strong>et</strong></span> <span class='ocrx_word' id='word_1_247' title='bbox 261 2638 323 2713; x_wconf 89' lang='lat' dir='ltr'><strong>ala,</strong></span> <span class='ocrx_word' id='word_1_248' title='bbox 354 2658 443 2718; x_wconf 91' lang='lat' dir='ltr'><strong>quam</strong></span> <span class='ocrx_word' id='word_1_249' title='bbox 466 2657 570 2717; x_wconf 84' lang='lat' dir='ltr'><strong>agema</strong></span> <span class='ocrx_word' id='word_1_250' title='bbox 591 2637 799 2716; x_wconf 87' lang='lat' dir='ltr'><strong>appellabant,</strong></span> <span class='ocrx_word' id='word_1_251' title='bbox 828 2639 921 2700; x_wconf 87' lang='lat' dir='ltr'><strong>ardua</strong></span> <span class='ocrx_word' id='word_1_252' title='bbox 942 2640 1060 2715; x_wconf 91' lang='lat' dir='ltr'><strong>semita,</strong></span> <span class='ocrx_word' id='word_1_253' title='bbox 1090 2639 1145 2700; x_wconf 91' lang='lat' dir='ltr'><strong>sed</strong></span> <span class='ocrx_word' id='word_1_254' title='bbox 1165 2637 1287 2719; x_wconf 79' lang='lat' dir='ltr'><strong>longius</strong></span> <span class='ocrx_word' id='word_1_255' title='bbox 1307 2661 1327 2702; x_wconf 84' lang='lat' dir='ltr'><strong>a</strong></span> 
     </span>
     <span class='ocr_line' id='line_1_26' title="bbox 63 2729 1325 2815; baseline 0.002 -17"><span class='ocrx_word' id='word_1_256' title='bbox 63 2735 243 2798; x_wconf 88' lang='lat' dir='ltr'><strong>stationibus</strong></span> <span class='ocrx_word' id='word_1_257' title='bbox 266 2733 395 2796; x_wconf 90' lang='lat' dir='ltr'><strong>hostium</strong></span> <span class='ocrx_word' id='word_1_258' title='bbox 419 2741 548 2810; x_wconf 89' lang='lat' dir='ltr'><strong>remota,</strong></span> <span class='ocrx_word' id='word_1_259' title='bbox 576 2733 668 2796; x_wconf 90' lang='lat' dir='ltr'><strong>multa</strong></span> <span class='ocrx_word' id='word_1_260' title='bbox 696 2754 765 2796; x_wconf 86' lang='lat' dir='ltr'><strong>oum</strong></span> <span class='ocrx_word' id='word_1_261' title='bbox 797 2735 955 2798; x_wconf 87' lang='lat' dir='ltr'><strong>vexatione</strong></span> <span class='ocrx_word' id='word_1_262' title='bbox 980 2735 1139 2815; x_wconf 82' lang='lat' dir='ltr'><strong>processit.</strong></span> <span class='ocrx_word' id='word_1_263' title='bbox 1173 2729 1325 2801; x_wconf 81' lang='lat' dir='ltr'><strong>²²Medius</strong></span> 
     </span>
    </p>
   </div>
   <div class='ocr_carea' id='block_1_3' title="bbox 60 2981 1328 3250">
    <p class='ocr_par' dir='ltr' id='par_1_3' title="bbox 60 2981 1328 3250">
     <span class='ocr_line' id='line_1_27' title="bbox 63 2981 1326 3049; baseline -0.002 -14"><span class='ocrx_word' id='word_1_264' title='bbox 63 2987 304 3048; x_wconf 80' lang='lat' dir='ltr'><strong>Truppengattung</strong></span> <span class='ocrx_word' id='word_1_265' title='bbox 321 2983 429 3046; x_wconf 86' lang='lat' dir='ltr'><strong>gehaht,</strong></span> <span class='ocrx_word' id='word_1_266' title='bbox 456 2984 504 3034; x_wconf 92' lang='lat' dir='ltr'><strong>der</strong></span> <span class='ocrx_word' id='word_1_267' title='bbox 523 2983 571 3033; x_wconf 83' lang='lat' dir='ltr'><strong>der</strong></span> <span class='ocrx_word' id='word_1_268' title='bbox 589 2985 672 3033; x_wconf 88' lang='lat' dir='ltr'><strong>Name</strong></span> <span class='ocrx_word' id='word_1_269' title='bbox 697 2999 772 3048; x_wconf 75' lang='lat' dir='ltr'><strong>eques</strong></span> <span class='ocrx_word' id='word_1_270' title='bbox 795 2981 948 3049; x_wconf 69' lang='lat' dir='ltr'><strong>supittnrius</strong></span> <span class='ocrx_word' id='word_1_271' title='bbox 970 2983 1090 3035; x_wconf 74' lang='lat' dir='ltr'><strong>znkame.</strong></span> <span class='ocrx_word' id='word_1_272' title='bbox 1118 3009 1151 3018; x_wconf 84' lang='lat'><strong>-</strong></span> <span class='ocrx_word' id='word_1_273' title='bbox 1174 2981 1326 3048; x_wconf 85' lang='lat' dir='ltr'><strong>praeei-</strong></span> 
     </span>
     <span class='ocr_line' id='line_1_28' title="bbox 60 3049 1328 3120; baseline -0.002 -19"><span class='ocrx_word' id='word_1_274' title='bbox 60 3053 127 3120; x_wconf 85' lang='lat' dir='ltr'><strong>pit.</strong></span> <span class='ocrx_word' id='word_1_275' title='bbox 154 3053 195 3100; x_wconf 65' lang='lat' dir='ltr'><strong>ut:</strong></span> <span class='ocrx_word' id='word_1_276' title='bbox 217 3053 355 3117; x_wconf 86' lang='lat' dir='ltr'><strong>praecepit.</strong></span> <span class='ocrx_word' id='word_1_277' title='bbox 377 3078 405 3087; x_wconf 95' lang='lat'><em>-</em></span> <span class='ocrx_word' id='word_1_278' title='bbox 430 3049 581 3100; x_wconf 84' lang='lat' dir='ltr'><strong>eredunt.</strong></span> <span class='ocrx_word' id='word_1_279' title='bbox 608 3050 652 3101; x_wconf 85' lang='lat' dir='ltr'><strong>F.:</strong></span> <span class='ocrx_word' id='word_1_280' title='bbox 677 3049 815 3100; x_wconf 84' lang='lat' dir='ltr'><strong>crederent.</strong></span> <span class='ocrx_word' id='word_1_281' title='bbox 852 3052 933 3100; x_wconf 86' lang='lat' dir='ltr'><strong>lenes</strong></span> <span class='ocrx_word' id='word_1_282' title='bbox 956 3050 1019 3115; x_wconf 81' lang='lat' dir='ltr'><strong>iolgl</strong></span> <span class='ocrx_word' id='word_1_283' title='bbox 1040 3051 1114 3100; x_wconf 82' lang='lat' dir='ltr'><strong>nicht</strong></span> <span class='ocrx_word' id='word_1_284' title='bbox 1131 3063 1180 3100; x_wconf 81' lang='lat' dir='ltr'><strong>aua</strong></span> <span class='ocrx_word' id='word_1_285' title='bbox 1197 3049 1328 3116; x_wconf 80' lang='lat' dir='ltr'><strong>praecipit</strong></span> 
     </span>
     <span class='ocr_line' id='line_1_29' title="bbox 63 3117 1326 3250; baseline 0.001 -82"><span class='ocrx_word' id='word_1_286' title='bbox 63 3120 128 3238; x_wconf 59' lang='lat' dir='ltr'><strong>piqql</strong></span> <span class='ocrx_word' id='word_1_287' title='bbox 141 3119 268 3250; x_wconf 54' lang='lat' dir='ltr'><strong>ipreqegpqn</strong></span> <span class='ocrx_word' id='word_1_288' title='bbox 282 3120 390 3236; x_wconf 55' lang='lat' dir='ltr'><strong>lisatvon</strong></span> <span class='ocrx_word' id='word_1_289' title='bbox 417 3134 465 3183; x_wconf 82' lang='lat' dir='ltr'><strong>quo</strong></span> <span class='ocrx_word' id='word_1_290' title='bbox 482 3118 563 3184; x_wconf 67' lang='lat' dir='ltr'><strong>napis</strong></span> <span class='ocrx_word' id='word_1_291' title='bbox 588 3132 621 3168; x_wconf 85' lang='lat' dir='ltr'><strong>an</strong></span> <span class='ocrx_word' id='word_1_292' title='bbox 648 3119 722 3169; x_wconf 84' lang='lat' dir='ltr'><strong>nieht</strong></span> <span class='ocrx_word' id='word_1_293' title='bbox 743 3119 821 3168; x_wconf 87' lang='lat' dir='ltr'><strong>mehr</strong></span> <span class='ocrx_word' id='word_1_294' title='bbox 844 3117 998 3182; x_wconf 80' lang='lat' dir='ltr'><strong>Erzehlung,</strong></span> <span class='ocrx_word' id='word_1_295' title='bbox 1025 3118 1144 3169; x_wconf 81' lang='lat' dir='ltr'><strong>eundern</strong></span> <span class='ocrx_word' id='word_1_296' title='bbox 1164 3130 1216 3169; x_wconf 88' lang='lat' dir='ltr'><strong>nur</strong></span> <span class='ocrx_word' id='word_1_297' title='bbox 1238 3117 1326 3169; x_wconf 79' lang='lat' dir='ltr'><strong>helle-</strong></span> 
     </span>
    </p>
   </div>
   <div class='ocr_carea' id='block_1_4' title="bbox 64 3261 1329 3610">
    <p class='ocr_par' dir='ltr' id='par_1_4' title="bbox 64 3261 1329 3610">
     <span class='ocr_line' id='line_1_30' title="bbox 134 3261 1325 3339; baseline 0.001 -13"><span class='ocrx_word' id='word_1_298' title='bbox 134 3273 259 3339; x_wconf 86' lang='grc'>5,11,15.</span> <span class='ocrx_word' id='word_1_299' title='bbox 282 3275 433 3327; x_wconf 85' lang='lat' dir='ltr'><strong>latrare.</strong></span> <span class='ocrx_word' id='word_1_300' title='bbox 452 3277 493 3326; x_wconf 86' lang='lat' dir='ltr'><strong>F.:</strong></span> <span class='ocrx_word' id='word_1_301' title='bbox 509 3275 680 3325; x_wconf 82' lang='lat' dir='ltr'><strong>eunaintrare.</strong></span> <span class='ocrx_word' id='word_1_302' title='bbox 703 3277 728 3325; x_wconf 91' lang='lat' dir='ltr'><strong>S.</strong></span> <span class='ocrx_word' id='word_1_303' title='bbox 739 3290 773 3325; x_wconf 89' lang='lat' dir='ltr'><strong>zu</strong></span> <span class='ocrx_word' id='word_1_304' title='bbox 785 3273 809 3337; x_wconf 83' lang='lat'><strong>3,</strong></span> <span class='ocrx_word' id='word_1_305' title='bbox 824 3274 846 3338; x_wconf 92' lang='lat'><strong>1,</strong></span> <span class='ocrx_word' id='word_1_306' title='bbox 860 3273 883 3326; x_wconf 90' lang='lat'><strong>7.</strong></span> <span class='ocrx_word' id='word_1_307' title='bbox 905 3303 934 3312; x_wconf 92' lang='lat'>-</span> <span class='ocrx_word' id='word_1_308' title='bbox 955 3261 1325 3327; x_wconf 72' lang='lat' dir='ltr'><strong>eum-donoeraururn.</strong></span> 
     </span>
     <span class='ocr_line' id='line_1_31' title="bbox 64 3339 1328 3409; baseline 0 -15"><span class='ocrx_word' id='word_1_309' title='bbox 64 3347 105 3395; x_wconf 72' lang='lat' dir='ltr'><strong>R:</strong></span> <span class='ocrx_word' id='word_1_310' title='bbox 121 3344 150 3393; x_wconf 89' lang='lat' dir='ltr'><strong>in</strong></span> <span class='ocrx_word' id='word_1_311' title='bbox 169 3359 425 3393; x_wconf 79' lang='lat' dir='ltr'><strong>euru—conuersum.</strong></span> <span class='ocrx_word' id='word_1_312' title='bbox 448 3370 476 3379; x_wconf 97' lang='lat'>—</span> <span class='ocrx_word' id='word_1_313' title='bbox 490 3341 514 3403; x_wconf 90' lang='lat'><strong>5,</strong></span> <span class='ocrx_word' id='word_1_314' title='bbox 537 3339 574 3404; x_wconf 89' lang='grc'><strong>11,</strong></span> <span class='ocrx_word' id='word_1_315' title='bbox 597 3340 637 3394; x_wconf 88' lang='grc'>16,</span> <span class='ocrx_word' id='word_1_316' title='bbox 655 3341 933 3408; x_wconf 80' lang='lat' dir='ltr'><strong>Persequentium</strong></span> <span class='ocrx_word' id='word_1_317' title='bbox 952 3359 1064 3409; x_wconf 73' lang='lat' dir='ltr'><strong>repent.</strong></span> <span class='ocrx_word' id='word_1_318' title='bbox 1095 3344 1250 3394; x_wconf 84' lang='lat' dir='ltr'><strong>DieWorte</strong></span> <span class='ocrx_word' id='word_1_319' title='bbox 1267 3345 1328 3394; x_wconf 88' lang='lat' dir='ltr'><strong>siud</strong></span> 
     </span>
     <span class='ocr_line' id='line_1_32' title="bbox 64 3410 1328 3475; baseline -0.002 -13"><span class='ocrx_word' id='word_1_320' title='bbox 64 3414 108 3462; x_wconf 80' lang='lat' dir='ltr'><strong>tur</strong></span> <span class='ocrx_word' id='word_1_321' title='bbox 126 3411 321 3475; x_wconf 82' lang='lat' dir='ltr'><strong>eingeschoben</strong></span> <span class='ocrx_word' id='word_1_322' title='bbox 340 3413 406 3461; x_wconf 89' lang='lat' dir='ltr'><strong>oder</strong></span> <span class='ocrx_word' id='word_1_323' title='bbox 424 3410 576 3461; x_wconf 90' lang='lat' dir='ltr'><strong>verdorben</strong></span> <span class='ocrx_word' id='word_1_324' title='bbox 595 3425 628 3458; x_wconf 88' lang='lat' dir='ltr'><strong>zu</strong></span> <span class='ocrx_word' id='word_1_325' title='bbox 649 3410 745 3459; x_wconf 89' lang='lat' dir='ltr'><strong>halteu.</strong></span> <span class='ocrx_word' id='word_1_326' title='bbox 778 3412 845 3460; x_wconf 88' lang='lat' dir='ltr'><strong>Dem</strong></span> <span class='ocrx_word' id='word_1_327' title='bbox 860 3411 1006 3462; x_wconf 85' lang='lat' dir='ltr'><strong>Gedaukeu</strong></span> <span class='ocrx_word' id='word_1_328' title='bbox 1033 3411 1193 3474; x_wconf 74' lang='lat' dir='ltr'><strong>&#39;entspreuhe</strong></span> <span class='ocrx_word' id='word_1_329' title='bbox 1209 3411 1328 3474; x_wconf 80' lang='lat' dir='ltr'><strong>einiger—</strong></span> 
     </span>
     <span class='ocr_line' id='line_1_33' title="bbox 64 3475 1329 3542; baseline -0.002 -11"><span class='ocrx_word' id='word_1_330' title='bbox 64 3493 185 3531; x_wconf 85' lang='lat' dir='ltr'><strong>mussen:</strong></span> <span class='ocrx_word' id='word_1_331' title='bbox 204 3485 228 3526; x_wconf 87' lang='lat' dir='ltr'><strong>et</strong></span> <span class='ocrx_word' id='word_1_332' title='bbox 245 3479 444 3528; x_wconf 73' lang='lat' dir='ltr'><strong>concertantium</strong></span> <span class='ocrx_word' id='word_1_333' title='bbox 460 3494 487 3526; x_wconf 81' lang='lat' dir='ltr'><strong>se</strong></span> <span class='ocrx_word' id='word_1_334' title='bbox 505 3478 533 3526; x_wconf 88' lang='lat' dir='ltr'><strong>in</strong></span> <span class='ocrx_word' id='word_1_335' title='bbox 551 3493 642 3542; x_wconf 63' lang='lat' dir='ltr'><strong>renem.</strong></span> <span class='ocrx_word' id='word_1_336' title='bbox 675 3475 767 3542; x_wconf 69' lang='lat' dir='ltr'><strong>mque</strong></span> <span class='ocrx_word' id='word_1_337' title='bbox 784 3484 854 3529; x_wconf 70' lang='lat' dir='ltr'><strong>were</strong></span> <span class='ocrx_word' id='word_1_338' title='bbox 873 3479 945 3529; x_wconf 86' lang='lat' dir='ltr'><strong>daun</strong></span> <span class='ocrx_word' id='word_1_339' title='bbox 962 3480 998 3528; x_wconf 91' lang='lat' dir='ltr'><strong>im</strong></span> <span class='ocrx_word' id='word_1_340' title='bbox 1018 3480 1083 3529; x_wconf 87' lang='lat' dir='ltr'><strong>Sinn</strong></span> <span class='ocrx_word' id='word_1_341' title='bbox 1099 3479 1147 3529; x_wconf 77' lang='lat' dir='ltr'><strong>des</strong></span> <span class='ocrx_word' id='word_1_342' title='bbox 1161 3477 1329 3528; x_wconf 70' lang='lat' dir='ltr'><strong>subauster-</strong></span> 
     </span>
     <span class='ocr_line' id='line_1_34' title="bbox 64 3549 243 3610; baseline -0.006 -13"><span class='ocrx_word' id='word_1_343' title='bbox 64 3550 119 3598; x_wconf 87' lang='lat' dir='ltr'><strong>lers</strong></span> <span class='ocrx_word' id='word_1_344' title='bbox 134 3549 243 3610; x_wconf 82' lang='lat' dir='ltr'><strong>gesetzt.</strong></span> 
     </span>
    </p>
   </div>
   <div class='ocr_carea' id='block_1_5' title="bbox 24 3628 1332 4238">
    <p class='ocr_par' dir='ltr' id='par_1_5' title="bbox 24 3628 1332 4238">
     <span class='ocr_line' id='line_1_35' title="bbox 66 3628 1330 3703; baseline -0.002 -17"><span class='ocrx_word' id='word_1_345' title='bbox 66 3694 69 3703; x_wconf 79' lang='lat'><strong>.</strong></span> <span class='ocrx_word' id='word_1_346' title='bbox 135 3633 277 3698; x_wconf 83' lang='lat'><strong>5,15‚17.</strong></span> <span class='ocrx_word' id='word_1_347' title='bbox 308 3633 440 3684; x_wconf 77' lang='lat' dir='ltr'><strong>silenti</strong></span> <span class='ocrx_word' id='word_1_348' title='bbox 466 3635 610 3699; x_wconf 65' lang='lat' dir='ltr'><strong>aptatae,</strong></span> <span class='ocrx_word' id='word_1_349' title='bbox 639 3635 791 3685; x_wconf 86' lang='lat' dir='ltr'><strong>wieValer.</strong></span> <span class='ocrx_word' id='word_1_350' title='bbox 812 3635 895 3684; x_wconf 78' lang='lat' dir='ltr'><strong>Flauo.</strong></span> <span class='ocrx_word' id='word_1_351' title='bbox 916 3631 940 3694; x_wconf 89' lang='grc'>5,</span> <span class='ocrx_word' id='word_1_352' title='bbox 963 3628 1031 3682; x_wconf 80' lang='lat'><strong>313:</strong></span> <span class='ocrx_word' id='word_1_353' title='bbox 1055 3639 1207 3700; x_wconf 79' lang='lat' dir='ltr'><strong>coetuque</strong></span> <span class='ocrx_word' id='word_1_354' title='bbox 1229 3632 1330 3683; x_wconf 77' lang='lat' dir='ltr'><strong>intarta</strong></span> 
     </span>
     <span class='ocr_line' id='line_1_36' title="bbox 64 3694 1330 3767; baseline -0.002 -14"><span class='ocrx_word' id='word_1_355' title='bbox 64 3703 198 3754; x_wconf 79' lang='lat' dir='ltr'><strong>silenti.</strong></span> <span class='ocrx_word' id='word_1_356' title='bbox 227 3730 259 3739; x_wconf 92' lang='lat'><em>-</em></span> <span class='ocrx_word' id='word_1_357' title='bbox 286 3699 430 3764; x_wconf 83' lang='grc' dir='ltr'>5,15,1Θ.</span> <span class='ocrx_word' id='word_1_358' title='bbox 464 3701 649 3767; x_wconf 71' lang='lat' dir='ltr'><strong>Vestiqium</strong></span> <span class='ocrx_word' id='word_1_359' title='bbox 670 3701 863 3766; x_wconf 80' lang='lat' dir='ltr'><strong>fallentia,</strong></span> <span class='ocrx_word' id='word_1_360' title='bbox 894 3702 945 3749; x_wconf 82' lang='lat' dir='ltr'><strong>wie</strong></span> <span class='ocrx_word' id='word_1_361' title='bbox 964 3694 988 3759; x_wconf 88' lang='grc'><strong>1,</strong></span> <span class='ocrx_word' id='word_1_362' title='bbox 1006 3697 1047 3761; x_wconf 86' lang='grc'>38,</span> <span class='ocrx_word' id='word_1_363' title='bbox 1070 3697 1119 3750; x_wconf 84' lang='lat'><strong>18:</strong></span> <span class='ocrx_word' id='word_1_364' title='bbox 1146 3716 1222 3767; x_wconf 78' lang='lat' dir='ltr'><strong>quum</strong></span> <span class='ocrx_word' id='word_1_365' title='bbox 1244 3716 1330 3757; x_wconf 73' lang='lat' dir='ltr'><strong>suaa</strong></span> 
     </span>
     <span class='ocr_line' id='line_1_37' title="bbox 66 3763 1329 3834; baseline -0.002 -14"><span class='ocrx_word' id='word_1_366' title='bbox 66 3769 205 3821; x_wconf 85' lang='lat' dir='ltr'><strong>lubrica</strong></span> <span class='ocrx_word' id='word_1_367' title='bbox 224 3770 407 3834; x_wconf 63' lang='lat' dir='ltr'><strong>uestigium</strong></span> <span class='ocrx_word' id='word_1_368' title='bbox 424 3767 604 3832; x_wconf 79' lang='lat' dir='ltr'><strong>fallerent.</strong></span> <span class='ocrx_word' id='word_1_369' title='bbox 627 3796 656 3806; x_wconf 91' lang='lat'>—</span> <span class='ocrx_word' id='word_1_370' title='bbox 685 3767 938 3819; x_wconf 76' lang='lat' dir='ltr'><strong>hauriebantur.</strong></span> <span class='ocrx_word' id='word_1_371' title='bbox 969 3768 993 3816; x_wconf 86' lang='lat' dir='ltr'><strong>S.</strong></span> <span class='ocrx_word' id='word_1_372' title='bbox 1013 3780 1047 3821; x_wconf 80' lang='lat' dir='ltr'><strong>zu</strong></span> <span class='ocrx_word' id='word_1_373' title='bbox 1066 3763 1090 3830; x_wconf 84' lang='grc'><strong>1,</strong></span> <span class='ocrx_word' id='word_1_374' title='bbox 1111 3765 1153 3828; x_wconf 79' lang='lat' dir='ltr'><strong>m,</strong></span> <span class='ocrx_word' id='word_1_375' title='bbox 1170 3765 1196 3817; x_wconf 85' lang='grc'>1.</span> <span class='ocrx_word' id='word_1_376' title='bbox 1216 3794 1245 3805; x_wconf 89' lang='lat'><em>-</em></span> <span class='ocrx_word' id='word_1_377' title='bbox 1273 3767 1329 3818; x_wconf 87' lang='lat' dir='ltr'><strong>ul·</strong></span> 
     </span>
     <span class='ocr_line' id='line_1_38' title="bbox 66 3830 1331 3899; baseline -0.004 -10"><span class='ocrx_word' id='word_1_378' title='bbox 66 3838 276 3889; x_wconf 78' lang='lat' dir='ltr'><strong>levarentur.</strong></span> <span class='ocrx_word' id='word_1_379' title='bbox 298 3838 339 3887; x_wconf 91' lang='lat' dir='ltr'><strong>F.:</strong></span> <span class='ocrx_word' id='word_1_380' title='bbox 358 3835 510 3886; x_wconf 85' lang='lat' dir='ltr'><strong>levarentur.</strong></span> <span class='ocrx_word' id='word_1_381' title='bbox 536 3837 621 3898; x_wconf 84' lang='lat' dir='ltr'><strong>Vergl.</strong></span> <span class='ocrx_word' id='word_1_382' title='bbox 640 3835 664 3898; x_wconf 94' lang='grc'>3,</span> <span class='ocrx_word' id='word_1_383' title='bbox 682 3835 723 3899; x_wconf 88' lang='grc'><strong>30,</strong></span> <span class='ocrx_word' id='word_1_384' title='bbox 745 3833 783 3885; x_wconf 76' lang='lat'><strong>12.</strong></span> <span class='ocrx_word' id='word_1_385' title='bbox 802 3833 827 3898; x_wconf 87' lang='grc'>3,</span> <span class='ocrx_word' id='word_1_386' title='bbox 845 3833 886 3897; x_wconf 88' lang='grc'>31,</span> <span class='ocrx_word' id='word_1_387' title='bbox 906 3833 947 3884; x_wconf 91' lang='grc'><strong>17.</strong></span> <span class='ocrx_word' id='word_1_388' title='bbox 965 3830 990 3894; x_wconf 87' lang='grc'>8,</span> <span class='ocrx_word' id='word_1_389' title='bbox 1010 3832 1034 3895; x_wconf 89' lang='grc'><strong>1,</strong></span> <span class='ocrx_word' id='word_1_390' title='bbox 1052 3831 1076 3884; x_wconf 83' lang='grc'><strong>9.</strong></span> <span class='ocrx_word' id='word_1_391' title='bbox 1104 3833 1229 3885; x_wconf 82' lang='lat' dir='ltr'><strong>Allevure</strong></span> <span class='ocrx_word' id='word_1_392' title='bbox 1246 3837 1331 3886; x_wconf 83' lang='lat' dir='ltr'><strong>heisst</strong></span> 
     </span>
     <span class='ocr_line' id='line_1_39' title="bbox 66 3901 1332 3965; baseline -0.004 -8"><span class='ocrx_word' id='word_1_393' title='bbox 66 3907 157 3957; x_wconf 89' lang='lat' dir='ltr'><strong>nicht:</strong></span> <span class='ocrx_word' id='word_1_394' title='bbox 178 3920 212 3955; x_wconf 86' lang='lat' dir='ltr'><strong>an</strong></span> <span class='ocrx_word' id='word_1_395' title='bbox 231 3906 319 3955; x_wconf 85' lang='lat' dir='ltr'><strong>Etwas</strong></span> <span class='ocrx_word' id='word_1_396' title='bbox 335 3905 419 3954; x_wconf 89' lang='lat' dir='ltr'><strong>heran</strong></span> <span class='ocrx_word' id='word_1_397' title='bbox 436 3903 531 3965; x_wconf 86' lang='lat' dir='ltr'><strong>hohen,</strong></span> <span class='ocrx_word' id='word_1_398' title='bbox 551 3905 684 3953; x_wconf 89' lang='lat' dir='ltr'><strong>sonderu:</strong></span> <span class='ocrx_word' id='word_1_399' title='bbox 712 3904 782 3953; x_wconf 91' lang='lat' dir='ltr'><strong>noch</strong></span> <span class='ocrx_word' id='word_1_400' title='bbox 803 3904 871 3955; x_wconf 84' lang='lat' dir='ltr'><strong>dszu</strong></span> <span class='ocrx_word' id='word_1_401' title='bbox 890 3901 987 3962; x_wconf 87' lang='lat' dir='ltr'><strong>beben,</strong></span> <span class='ocrx_word' id='word_1_402' title='bbox 1005 3902 1170 3962; x_wconf 87' lang='lat' dir='ltr'><strong>nachhelteu,</strong></span> <span class='ocrx_word' id='word_1_403' title='bbox 1187 3904 1244 3954; x_wconf 89' lang='lat' dir='ltr'><strong>und</strong></span> <span class='ocrx_word' id='word_1_404' title='bbox 1260 3903 1332 3953; x_wconf 87' lang='lat' dir='ltr'><strong>wird</strong></span> 
     </span>
     <span class='ocr_line' id='line_1_40' title="bbox 24 3969 1331 4034; baseline -0.005 -9"><span class='ocrx_word' id='word_1_405' title='bbox 24 3990 32 3999; x_wconf 91' lang='lat'>·</span> <span class='ocrx_word' id='word_1_406' title='bbox 66 3974 199 4025; x_wconf 80' lang='lat' dir='ltr'><strong>zunechst</strong></span> <span class='ocrx_word' id='word_1_407' title='bbox 215 3973 271 4022; x_wconf 91' lang='lat' dir='ltr'><strong>und</strong></span> <span class='ocrx_word' id='word_1_408' title='bbox 287 3971 473 4034; x_wconf 80' lang='lat' dir='ltr'><strong>urspruuglich</strong></span> <span class='ocrx_word' id='word_1_409' title='bbox 495 3970 652 4034; x_wconf 81' lang='lat' dir='ltr'><strong>gebraucht,</strong></span> <span class='ocrx_word' id='word_1_410' title='bbox 680 3985 759 4020; x_wconf 89' lang='lat' dir='ltr'><strong>wenn</strong></span> <span class='ocrx_word' id='word_1_411' title='bbox 779 3969 901 4032; x_wconf 84' lang='lat' dir='ltr'><strong>lomand,</strong></span> <span class='ocrx_word' id='word_1_412' title='bbox 924 3970 973 4020; x_wconf 88' lang='lat' dir='ltr'><strong>der</strong></span> <span class='ocrx_word' id='word_1_413' title='bbox 998 3969 1056 4019; x_wconf 88' lang='lat' dir='ltr'><strong>sich</strong></span> <span class='ocrx_word' id='word_1_414' title='bbox 1076 3983 1139 4018; x_wconf 86' lang='lat' dir='ltr'><strong>vom</strong></span> <span class='ocrx_word' id='word_1_415' title='bbox 1158 3971 1250 4021; x_wconf 87' lang='lat' dir='ltr'><strong>Bodon</strong></span> <span class='ocrx_word' id='word_1_416' title='bbox 1267 3982 1331 4019; x_wconf 88' lang='lat' dir='ltr'><strong>em-</strong></span> 
     </span>
     <span class='ocr_line' id='line_1_41' title="bbox 66 4035 1330 4106; baseline -0.005 -15"><span class='ocrx_word' id='word_1_417' title='bbox 66 4055 118 4106; x_wconf 90' lang='lat' dir='ltr'><strong>por</strong></span> <span class='ocrx_word' id='word_1_418' title='bbox 136 4055 170 4090; x_wconf 89' lang='lat' dir='ltr'><strong>zu</strong></span> <span class='ocrx_word' id='word_1_419' title='bbox 184 4041 288 4089; x_wconf 88' lang='lat' dir='ltr'><strong>riehten</strong></span> <span class='ocrx_word' id='word_1_420' title='bbox 303 4040 370 4089; x_wconf 89' lang='lat' dir='ltr'><strong>oder</strong></span> <span class='ocrx_word' id='word_1_421' title='bbox 388 4053 421 4088; x_wconf 85' lang='lat' dir='ltr'><strong>nn</strong></span> <span class='ocrx_word' id='word_1_422' title='bbox 435 4041 522 4089; x_wconf 88' lang='lat' dir='ltr'><strong>einem</strong></span> <span class='ocrx_word' id='word_1_423' title='bbox 537 4038 779 4100; x_wconf 90' lang='lat' dir='ltr'><strong>emporstehendou</strong></span> <span class='ocrx_word' id='word_1_424' title='bbox 791 4037 977 4101; x_wconf 83' lang='lat' dir='ltr'><strong>Gegenstande</strong></span> <span class='ocrx_word' id='word_1_425' title='bbox 988 4036 1230 4087; x_wconf 83' lang='lat' dir='ltr'><strong>hinunlzulrlottaru</strong></span> <span class='ocrx_word' id='word_1_426' title='bbox 1243 4035 1330 4098; x_wconf 87' lang='lat' dir='ltr'><strong>sucht,</strong></span> 
     </span>
     <span class='ocr_line' id='line_1_42' title="bbox 67 4102 1331 4166; baseline -0.004 -8"><span class='ocrx_word' id='word_1_427' title='bbox 67 4109 147 4159; x_wconf 84' lang='lat' dir='ltr'><strong>darin</strong></span> <span class='ocrx_word' id='word_1_428' title='bbox 164 4122 219 4156; x_wconf 87' lang='lat' dir='ltr'><strong>von</strong></span> <span class='ocrx_word' id='word_1_429' title='bbox 237 4108 323 4157; x_wconf 88' lang='lat' dir='ltr'><strong>einem</strong></span> <span class='ocrx_word' id='word_1_430' title='bbox 340 4107 447 4156; x_wconf 80' lang='lat' dir='ltr'><strong>Andern</strong></span> <span class='ocrx_word' id='word_1_431' title='bbox 470 4108 631 4157; x_wconf 82' lang='lat' dir='ltr'><strong>unterstutzt.</strong></span> <span class='ocrx_word' id='word_1_432' title='bbox 652 4106 726 4155; x_wconf 86' lang='lat' dir='ltr'><strong>wird.</strong></span> <span class='ocrx_word' id='word_1_433' title='bbox 761 4106 865 4156; x_wconf 85' lang='lat' dir='ltr'><strong>Dareus</strong></span> <span class='ocrx_word' id='word_1_434' title='bbox 890 4104 1010 4155; x_wconf 88' lang='lat' dir='ltr'><strong>entsteht</strong></span> <span class='ocrx_word' id='word_1_435' title='bbox 1033 4104 1104 4154; x_wconf 88' lang='lat' dir='ltr'><strong>daun</strong></span> <span class='ocrx_word' id='word_1_436' title='bbox 1129 4103 1174 4155; x_wconf 84' lang='lat' dir='ltr'><strong>die</strong></span> <span class='ocrx_word' id='word_1_437' title='bbox 1192 4102 1331 4166; x_wconf 78' lang='lat' dir='ltr'><strong>allgemei·</strong></span> 
     </span>
     <span class='ocr_line' id='line_1_43' title="bbox 67 4171 1014 4238; baseline -0.006 -12"><span class='ocrx_word' id='word_1_438' title='bbox 67 4190 133 4227; x_wconf 90' lang='lat' dir='ltr'><strong>nere</strong></span> <span class='ocrx_word' id='word_1_439' title='bbox 149 4175 317 4237; x_wconf 81' lang='lat' dir='ltr'><strong>Bedeutung:</strong></span> <span class='ocrx_word' id='word_1_440' title='bbox 338 4174 528 4238; x_wconf 89' lang='lat' dir='ltr'><strong>emporhehen,</strong></span> <span class='ocrx_word' id='word_1_441' title='bbox 547 4173 701 4234; x_wconf 85' lang='lat' dir='ltr'><strong>aulrtoblen,</strong></span> <span class='ocrx_word' id='word_1_442' title='bbox 720 4175 746 4221; x_wconf 89' lang='lat' dir='ltr'><strong>in</strong></span> <span class='ocrx_word' id='word_1_443' title='bbox 766 4173 808 4223; x_wconf 87' lang='lat' dir='ltr'><strong>die</strong></span> <span class='ocrx_word' id='word_1_444' title='bbox 827 4173 903 4223; x_wconf 75' lang='lat' dir='ltr'><strong>Hebe</strong></span> <span class='ocrx_word' id='word_1_445' title='bbox 919 4171 1014 4221; x_wconf 92' lang='lat' dir='ltr'><strong>heben.</strong></span> 
     </span>
    </p>
   </div>
   <div class='ocr_carea' id='block_1_6' title="bbox 67 4257 1333 4733">
    <p class='ocr_par' dir='ltr' id='par_1_6' title="bbox 67 4257 1333 4733">
     <span class='ocr_line' id='line_1_44' title="bbox 137 4257 1331 4329; baseline -0.007 -13"><span class='ocrx_word' id='word_1_446' title='bbox 137 4263 161 4329; x_wconf 87' lang='lat'><strong>5,</strong></span> <span class='ocrx_word' id='word_1_447' title='bbox 191 4263 230 4326; x_wconf 86' lang='lat'><strong>15,</strong></span> <span class='ocrx_word' id='word_1_448' title='bbox 253 4262 292 4315; x_wconf 84' lang='grc'><strong>19.</strong></span> <span class='ocrx_word' id='word_1_449' title='bbox 336 4263 517 4313; x_wconf 84' lang='lat' dir='ltr'><strong>Incertum.</strong></span> <span class='ocrx_word' id='word_1_450' title='bbox 561 4265 585 4313; x_wconf 91' lang='lat' dir='ltr'><strong>S.</strong></span> <span class='ocrx_word' id='word_1_451' title='bbox 612 4259 635 4324; x_wconf 88' lang='grc'><strong>1,</strong></span> <span class='ocrx_word' id='word_1_452' title='bbox 661 4259 702 4324; x_wconf 85' lang='grc'>56,</span> <span class='ocrx_word' id='word_1_453' title='bbox 729 4259 773 4312; x_wconf 74' lang='lat'><strong>12:</strong></span> <span class='ocrx_word' id='word_1_454' title='bbox 805 4261 921 4311; x_wconf 69' lang='lat' dir='ltr'><strong>Menidas</strong></span> <span class='ocrx_word' id='word_1_455' title='bbox 950 4275 1022 4326; x_wconf 84' lang='lat' dir='ltr'><strong>opem</strong></span> <span class='ocrx_word' id='word_1_456' title='bbox 1047 4259 1082 4312; x_wconf 72' lang='lat' dir='ltr'><strong>ltu</strong></span> <span class='ocrx_word' id='word_1_457' title='bbox 1101 4259 1230 4313; x_wconf 64' lang='lat' dir='ltr'><strong>aetnam</strong></span> <span class='ocrx_word' id='word_1_458' title='bbox 1258 4257 1331 4308; x_wconf 82' lang='lat' dir='ltr'><strong>latu-</strong></span> 
     </span>
     <span class='ocr_line' id='line_1_45' title="bbox 67 4276 1330 4395; baseline -0.006 -12"><span class='ocrx_word' id='word_1_459' title='bbox 67 4350 113 4383; x_wconf 82' lang='lat' dir='ltr'><strong>rus</strong></span> <span class='ocrx_word' id='word_1_460' title='bbox 137 4332 282 4395; x_wconf 64' lang='lat' dir='ltr'><strong>aduenerm,</strong></span> <span class='ocrx_word' id='word_1_461' title='bbox 313 4331 487 4381; x_wconf 84' lang='lat' dir='ltr'><strong>incertum</strong></span> <span class='ocrx_word' id='word_1_462' title='bbox 509 4346 587 4380; x_wconf 86' lang='lat' dir='ltr'><strong>suone</strong></span> <span class='ocrx_word' id='word_1_463' title='bbox 608 4328 722 4392; x_wconf 81' lang='lat' dir='ltr'><strong>consilio,</strong></span> <span class='ocrx_word' id='word_1_464' title='bbox 751 4344 787 4379; x_wconf 78' lang='lat' dir='ltr'><strong>aaa</strong></span> <span class='ocrx_word' id='word_1_465' title='bbox 811 4329 879 4394; x_wconf 66' lang='lat' dir='ltr'><strong>repe</strong></span> <span class='ocrx_word' id='word_1_466' title='bbox 902 4327 1017 4394; x_wconf 75' lang='lat' dir='ltr'><strong>imperio.</strong></span> <span class='ocrx_word' id='word_1_467' title='bbox 1040 4276 1181 4389; x_wconf 61' lang='grc'>61618.</span> <span class='ocrx_word' id='word_1_468' title='bbox 1201 4325 1225 4388; x_wconf 83' lang='lat'><strong>9,</strong></span> <span class='ocrx_word' id='word_1_469' title='bbox 1244 4318 1330 4386; x_wconf 61' lang='lat' dir='ltr'><strong>uz&amp;</strong></span> 
     </span>
     <span class='ocr_line' id='line_1_46' title="bbox 69 4391 1330 4464; baseline -0.006 -13"><span class='ocrx_word' id='word_1_470' title='bbox 69 4428 98 4437; x_wconf 93' lang='lat'>—</span> <span class='ocrx_word' id='word_1_471' title='bbox 119 4398 144 4464; x_wconf 89' lang='grc'>5,</span> <span class='ocrx_word' id='word_1_472' title='bbox 160 4397 254 4461; x_wconf 67' lang='lat' dir='ltr'><strong>taen.</strong></span> <span class='ocrx_word' id='word_1_473' title='bbox 275 4397 455 4464; x_wconf 79' lang='lat' dir='ltr'><strong>Relinquit.</strong></span> <span class='ocrx_word' id='word_1_474' title='bbox 474 4399 515 4447; x_wconf 73' lang='lat' dir='ltr'><strong>R:</strong></span> <span class='ocrx_word' id='word_1_475' title='bbox 533 4395 645 4462; x_wconf 80' lang='lat' dir='ltr'><strong>reliquit.</strong></span> <span class='ocrx_word' id='word_1_476' title='bbox 679 4398 750 4447; x_wconf 83' lang='lat' dir='ltr'><strong>Alex.</strong></span> <span class='ocrx_word' id='word_1_477' title='bbox 770 4400 876 4447; x_wconf 89' lang='lat' dir='ltr'><strong>trennte</strong></span> <span class='ocrx_word' id='word_1_478' title='bbox 892 4398 949 4447; x_wconf 88' lang='lat' dir='ltr'><strong>sich</strong></span> <span class='ocrx_word' id='word_1_479' title='bbox 972 4409 1023 4444; x_wconf 90' lang='lat' dir='ltr'><strong>von</strong></span> <span class='ocrx_word' id='word_1_480' title='bbox 1043 4397 1131 4445; x_wconf 88' lang='lat' dir='ltr'><strong>ihnen.</strong></span> <span class='ocrx_word' id='word_1_481' title='bbox 1152 4422 1184 4431; x_wconf 86' lang='lat'><em>-</em></span> <span class='ocrx_word' id='word_1_482' title='bbox 1202 4391 1330 4455; x_wconf 70' lang='lat'><strong>5,15,21.</strong></span> 
     </span>
     <span class='ocr_line' id='line_1_47' title="bbox 68 4459 1331 4535; baseline -0.006 -18"><span class='ocrx_word' id='word_1_483' title='bbox 68 4466 314 4535; x_wconf 82' lang='lat' dir='ltr'><strong>Appellabant.</strong></span> <span class='ocrx_word' id='word_1_484' title='bbox 341 4468 383 4516; x_wconf 88' lang='lat' dir='ltr'><strong>F.:</strong></span> <span class='ocrx_word' id='word_1_485' title='bbox 403 4464 542 4532; x_wconf 85' lang='lat' dir='ltr'><strong>appellunt.</strong></span> <span class='ocrx_word' id='word_1_486' title='bbox 574 4466 660 4527; x_wconf 85' lang='lat' dir='ltr'><strong>Vergl.</strong></span> <span class='ocrx_word' id='word_1_487' title='bbox 678 4460 702 4523; x_wconf 88' lang='grc'><strong>1,</strong></span> <span class='ocrx_word' id='word_1_488' title='bbox 721 4462 764 4523; x_wconf 82' lang='grc'>60,</span> <span class='ocrx_word' id='word_1_489' title='bbox 784 4460 831 4513; x_wconf 70' lang='grc'><strong>96;</strong></span> <span class='ocrx_word' id='word_1_490' title='bbox 851 4463 955 4529; x_wconf 83' lang='lat' dir='ltr'><strong>equites,</strong></span> <span class='ocrx_word' id='word_1_491' title='bbox 977 4478 1039 4527; x_wconf 78' lang='lat' dir='ltr'><strong>qnos</strong></span> <span class='ocrx_word' id='word_1_492' title='bbox 1066 4477 1183 4527; x_wconf 67' lang='lat' dir='ltr'><strong>apeme</strong></span> <span class='ocrx_word' id='word_1_493' title='bbox 1205 4459 1331 4528; x_wconf 80' lang='lat' dir='ltr'><strong>appel-</strong></span> 
     </span>
     <span class='ocr_line' id='line_1_48' title="bbox 69 4527 1333 4594; baseline -0.006 -10"><span class='ocrx_word' id='word_1_494' title='bbox 69 4534 153 4584; x_wconf 86' lang='lat' dir='ltr'><strong>lant.</strong></span> <span class='ocrx_word' id='word_1_495' title='bbox 173 4562 201 4572; x_wconf 91' lang='lat'><strong>—-</strong></span> <span class='ocrx_word' id='word_1_496' title='bbox 221 4534 419 4583; x_wconf 75' lang='lat' dir='ltr'><strong>uenatione.</strong></span> <span class='ocrx_word' id='word_1_497' title='bbox 440 4535 475 4583; x_wconf 91' lang='lat' dir='ltr'><strong>So</strong></span> <span class='ocrx_word' id='word_1_498' title='bbox 496 4529 519 4593; x_wconf 89' lang='grc'>6,</span> <span class='ocrx_word' id='word_1_499' title='bbox 542 4528 581 4594; x_wconf 88' lang='grc'>16,</span> <span class='ocrx_word' id='word_1_500' title='bbox 600 4529 645 4582; x_wconf 84' lang='lat'><strong>13:</strong></span> <span class='ocrx_word' id='word_1_501' title='bbox 665 4530 792 4581; x_wconf 83' lang='lat' dir='ltr'><strong>interiora</strong></span> <span class='ocrx_word' id='word_1_502' title='bbox 810 4530 920 4594; x_wconf 70' lang='lat' dir='ltr'><strong>rapieris</strong></span> <span class='ocrx_word' id='word_1_503' title='bbox 939 4529 991 4579; x_wconf 82' lang='lat' dir='ltr'><strong>eius</strong></span> <span class='ocrx_word' id='word_1_504' title='bbox 1011 4529 1080 4580; x_wconf 77' lang='lat' dir='ltr'><strong>baud</strong></span> <span class='ocrx_word' id='word_1_505' title='bbox 1096 4545 1159 4581; x_wconf 81' lang='lat' dir='ltr'><strong>aune</strong></span> <span class='ocrx_word' id='word_1_506' title='bbox 1177 4527 1247 4579; x_wconf 72' lang='lat' dir='ltr'><strong>adiri</strong></span> <span class='ocrx_word' id='word_1_507' title='bbox 1263 4527 1333 4578; x_wconf 80' lang='lat' dir='ltr'><strong>eine</strong></span> 
     </span>
     <span class='ocr_line' id='line_1_49' title="bbox 68 4593 1333 4669; baseline -0.008 -17"><span class='ocrx_word' id='word_1_508' title='bbox 68 4618 189 4668; x_wconf 75' lang='lat' dir='ltr'><strong>neuqua</strong></span> <span class='ocrx_word' id='word_1_509' title='bbox 212 4602 392 4652; x_wconf 72' lang='lat' dir='ltr'><strong>uexatione</strong></span> <span class='ocrx_word' id='word_1_510' title='bbox 419 4599 592 4650; x_wconf 72' lang='lat' dir='ltr'><strong>exercitus</strong></span> <span class='ocrx_word' id='word_1_511' title='bbox 617 4605 745 4669; x_wconf 79' lang='lat' dir='ltr'><strong>poterant.</strong></span> <span class='ocrx_word' id='word_1_512' title='bbox 781 4598 834 4653; x_wconf 76' lang='lat' dir='ltr'><strong>biv.</strong></span> <span class='ocrx_word' id='word_1_513' title='bbox 853 4593 895 4658; x_wconf 84' lang='grc'><strong>13,</strong></span> <span class='ocrx_word' id='word_1_514' title='bbox 913 4594 955 4657; x_wconf 74' lang='lat'><strong>23,</strong></span> <span class='ocrx_word' id='word_1_515' title='bbox 979 4595 1009 4648; x_wconf 74' lang='lat'><strong>1:</strong></span> <span class='ocrx_word' id='word_1_516' title='bbox 1035 4613 1084 4646; x_wconf 77' lang='lat' dir='ltr'><strong>rer</strong></span> <span class='ocrx_word' id='word_1_517' title='bbox 1108 4612 1177 4646; x_wconf 81' lang='lat' dir='ltr'><strong>auen</strong></span> <span class='ocrx_word' id='word_1_518' title='bbox 1202 4595 1333 4647; x_wconf 66' lang='lat' dir='ltr'><strong>minora</strong></span> 
     </span>
     <span class='ocr_line' id='line_1_50' title="bbox 68 4662 1209 4733; baseline -0.007 -12"><span class='ocrx_word' id='word_1_519' title='bbox 68 4670 261 4722; x_wconf 72' lang='lat' dir='ltr'><strong>uenatione</strong></span> <span class='ocrx_word' id='word_1_520' title='bbox 276 4669 443 4720; x_wconf 85' lang='lat' dir='ltr'><strong>iumentorum</strong></span> <span class='ocrx_word' id='word_1_521' title='bbox 459 4666 645 4732; x_wconf 82' lang='lat' dir='ltr'><strong>hominumque,</strong></span> <span class='ocrx_word' id='word_1_522' title='bbox 663 4681 739 4733; x_wconf 77' lang='lat' dir='ltr'><strong>quarn</strong></span> <span class='ocrx_word' id='word_1_523' title='bbox 754 4671 867 4726; x_wconf 67' lang='lat' dir='ltr'><strong>ueneru,</strong></span> <span class='ocrx_word' id='word_1_524' title='bbox 885 4663 913 4713; x_wconf 86' lang='lat' dir='ltr'><strong>in</strong></span> <span class='ocrx_word' id='word_1_525' title='bbox 930 4663 1108 4716; x_wconf 81' lang='lat' dir='ltr'><strong>Macedonium</strong></span> <span class='ocrx_word' id='word_1_526' title='bbox 1123 4662 1209 4719; x_wconf 80' lang='lat' dir='ltr'><strong>rediit.</strong></span> 
     </span>
    </p>
   </div>
   <div class='ocr_carea' id='block_1_7' title="bbox 1064 4730 1131 4800">
    <p class='ocr_par' dir='ltr' id='par_1_7' title="bbox 1064 4730 1131 4800">
     <span class='ocr_line' id='line_1_51' title="bbox 1064 4730 1131 4800; baseline 0 0"><span class='ocrx_word' id='word_1_527' title='bbox 1064 4730 1131 4800; x_wconf 75' lang='lat'><strong>10*</strong></span> 
     </span>
    </p>
   </div>
   <div class='ocr_carea' id='block_1_8' title="bbox 0 0 1425 4964">
    <p class='ocr_par' dir='ltr' id='par_1_8' title="bbox 0 0 1425 4964">
     <span class='ocr_line' id='line_1_52' title="bbox 0 0 1425 4964; baseline 0 0"><span class='ocrx_word' id='word_1_528' title='bbox 0 0 1425 4964; x_wconf 95' lang='lat' dir='ltr'><strong> </strong></span> 
     </span>
    </p>
   </div>
  </div>
 </body>
</html>
