2820 4964
150 185 233 253 vm.
256 186 397 252 xxxv.
417 185 543 250 a-ta.
561 136 714 250 xxxva
738 186 885 249 13-10.
903 185 1070 250 xxxvu.
1094 187 1237 251 re-ae.
1257 172 1328 255 aar

61 359 131 418 dem
154 357 280 419 felicitas
300 357 338 418 ab
361 375 476 418 oceano
498 363 682 419 revertentes
698 354 1152 438 temulentoseomissaulesque
1171 356 1249 420 inter
1266 377 1321 420 ore

59 454 193 516 hostium
213 455 301 528 texit.¹
1202 493 1206 497 -
1281 528 1287 547 ι

149 551 316 614 XXXVII.
349 546 374 590 ¹⁹
381 553 458 614 Hirrc
469 554 508 614 ad
524 551 686 633 regionem,
699 571 775 633 quae
785 551 919 615 Daedala
932 557 1066 629 vocatur,
1076 559 1251 632 perventum
1267 559 1320 617 est

62 651 202 709 Deserue
219 654 269 708 ant
286 648 404 711 incolae
425 650 512 712 sedes
540 655 570 710 et
590 648 621 709 iu
642 648 726 711 avios
740 649 960 730 'silvestresque
980 656 1098 712 montes
1116 651 1321 731 confugerant.

60 668 297 825 Ergoddadira
314 747 428 823 transit,
451 765 545 826 aeque
567 753 652 806 vasta
673 751 703 806 et
724 745 869 808 destituta
887 746 1081 807 incolentium
1102 747 1182 824 fuga
1214 742 1322 808 .2⁰1ta-

60 862 122 922 que
146 843 292 904 rationem
315 843 387 913 belli
411 842 573 904 necessitas
594 841 738 902 mutavit.v
768 841 880 904 Divisis
908 841 986 903 euim
1008 841 1262 920 copiis-pluribus
1283 843 1322 905 si·

59 938 125 1000 mul
153 938 231 1000 loeis
254 959 336 1000 erma
363 939 502 1015 ostendit,
533 937 739 1018 oppressique,
773 937 824 999 ubi
850 950 912 998 non
938 944 1169 1016 expectaverant
1196 939 1321 1005 bostem,

60 1035 147 1094 omui
172 1035 258 1096 clade
284 1036 444 1113 perdomiti
468 1042 546 1097 sunt.
600 1030 822 1096 ²1Pt01emaeus
838 1033 992 1113 plurimas
1022 1035 1122 1110 urbes,
1150 1033 1322 1097 Alexander

60 1129 205 1191 maximas
227 1131 322 1210 cepit:
341 1120 515 1212 rursusque,
537 1153 612 1213 quas
633 1131 832 1206 distribuerat,
856 1131 962 1210 copias
981 1131 1086 1213 iunxit.
1111 1148 1114 1171 ²
1136 1124 1321 1210 22Superato

61 1226 171 1287 deiude
190 1226 329 1307 Choaspe
351 1248 446 1304 amne,
469 1228 596 1290 Coenon
619 1228 650 1289 in
671 1226 830 1289 obsidione
848 1227 933 1288 urbis
952 1226 1112 1306 opulentae
1130 1226 1261 1304 (Beiram
1279 1228 1323 1289 iu-

61 1321 149 1383 colae
168 1327 288 1400 vocant)
307 1323 442 1406 reliquit:
469 1325 534 1403 ipse
559 1323 598 1383 ad
620 1325 760 1401 Mazagas
782 1323 871 1385 veuit.
913 1323 1023 1402 Nuper
1041 1321 1206 1400 Assacano,
1235 1324 1322 1387 cuius

53 1410 188 1497 'reguum
212 1421 317 1496 fuerat,
354 1422 520 1496 demortu0,
553 1420 668 1498 regioni
695 1420 823 1499 urbique
851 1426 990 1496 praeerat
1018 1426 1114 1480 mater
1141 1419 1206 1481 aius
1234 1421 1322 1482 Cleo

61 1516 139 1593 phis.
184 1511 389 1579 23XXXVlll
407 1517 492 1578 milia
512 1516 646 1594 pediturn
661 1516 821 1576 tuebantur
841 1514 957 1590 urbem,
976 1533 1038 1574 non
1058 1514 1118 1575 situ
1138 1515 1245 1592 solum,
1268 1519 1323 1579 sed

62 1613 152 1673 etiam
165 1634 258 1694 opere
276 1615 425 1676 munitam.
469 1613 548 1673 Nam
563 1632 623 1693 qua
638 1616 756 1691 spectat
770 1611 925 1685 orientem,
941 1609 1070 1688 cingitur
1085 1630 1171 1671 amne
1186 1614 1321 1690 torrenti,

63 1709 115 1787 qui
134 1711 305 1790 praeruptis
323 1711 472 1792 utrimque
492 1709 567 1790 ripis
585 1709 698 1771 aditum
719 1708 758 1769 ad
778 1708 884 1770 urbem
904 1705 1037 1784 impedit.
1077 1699 1161 1769 2⁴Ad
1182 1709 1322 1782 occiden-

10 1794 14 1801 ’
62 1813 122 1865 tem
143 1813 173 1866 et
194 1828 212 1868 a
234 1807 358 1869 meridie
376 1807 458 1869 velut
478 1807 516 1868 de
528 1806 684 1881 industria
703 1824 796 1885 rupes
811 1802 961 1884 praealtas
983 1803 1126 1865 admolita
1140 1814 1247 1867 natura
1267 1813 1322 1884 est,

62 1901 140 1962 iufra
162 1925 236 1983 quas
261 1924 407 1967 cavernae
432 1911 462 1966 et
488 1903 652 1983 voragines
677 1903 768 1982 longa
789 1899 996 1963 vetustatem
1021 1900 1114 1961 altum
1136 1907 1256 1963 cavatae
1280 1903 1323 1967 ia-

64 2005 141 2074 cent,
165 2021 282 2082 quaque
300 2000 447 2076 desinunt,
468 2002 551 2062 fossa
572 1999 701 2079 ingentis
721 1998 823 2079 operis
842 1997 963 2060 obiecta
984 2003 1039 2058 est.
1079 1991 1245 2059 2⁵XXXV
1265 2006 1323 2062 sta-

64 2094 146 2156 dium
167 2117 272 2158 murus
293 2099 398 2158 urbem
420 2097 639 2174 complectitur,
669 2095 754 2156 cuius
774 2094 918 2155 irrieriora
936 2112 1019 2169 saxo,
1047 2094 1207 2174 superiora
1226 2099 1323 2161 crudo

62 2191 159 2252 latere
188 2199 258 2252 suut
287 2199 407 2254 structa.
449 2190 549 2252 Lateri
575 2189 865 2268 vinculumlapides
890 2196 968 2264 sunt,
1000 2209 1077 2271 quos
1105 2190 1322 2272 interposuere,

64 2294 98 2346 ut
120 2288 235 2346 duriori
261 2288 400 2347 materiae
423 2286 537 2364 fragilis
561 2286 754 2360 incumberet,
782 2283 931 2365 simulque
953 2290 1033 2346 terra
1063 2287 1189 2349 humore
1221 2291 1323 2355 diluta.

63 2377 148 2443 2ῧΝε
171 2389 269 2443 tamen
290 2383 430 2444 universe
450 2382 629 2457 consideret,
656 2379 813 2458 impositae
832 2387 916 2441 erant
941 2381 1041 2442 trabes
1062 2381 1187 2461 validae,
1214 2388 1323 2466 quibus

64 2480 173 2540 iniecta
190 2478 322 2539 tabulata
343 2498 446 2539 muros
470 2485 500 2538 et
525 2478 669 2556 tegebant,
693 2481 723 2534 et
752 2475 874 2553 pervios
898 2477 1040 2541 fecerant.
1089 2472 1205 2542 ²⁷Haec
1229 2483 1324 2545 muni-

64 2583 164 2638 menta
183 2576 436 2656 contemplantem
457 2574 661 2635 Alexandrum
682 2569 858 2650 cousiffique
876 2571 1030 2649 incertum,
1052 2574 1121 2655 quia
1142 2595 1199 2639 nee
1219 2582 1322 2640 caver-

64 2694 118 2734 nas
140 2673 197 2733 nisi
221 2693 329 2752 aggere
350 2679 471 2752 poterat
499 2669 624 2750 implere
651 2682 708 2730 ue'c
734 2672 884 2729 tormenta
913 2668 1000 2731 aliter
1014 2671 1123 2732 muris
1152 2674 1323 2753 admovere,

65 2770 184 2849 quidam
204 2790 221 2830 e
241 2790 328 2830 muro
351 2769 457 2848 sagitta
478 2767 634 2848 percussit.
677 2760 793 2826 28'lum
813 2765 892 2827 forte
914 2765 945 2826 in
968 2785 1068 2828 suram
1088 2765 1193 2831 incidit
1215 2770 1323 2833 telum:

65 2869 154 2928 cuius
172 2864 289 2946 spiculo
315 2866 420 2927 evolso
452 2865 606 2926 admoveri
634 2882 744 2944 equum
772 2862 874 2935 iussit;
904 2883 964 2943 quo
991 2868 1095 2925 vectus
1124 2884 1163 2926 ue
1190 2866 1323 2947 obligato

64 2953 186 3043 quidem
215 2962 339 3023 vulnere
361 2963 441 3023 haud
461 2962 581 3041 segnius
602 2959 748 3020 destinata
766 2958 978 3039 exequebatur.
1031 2955 1060 2998 ²⁹
1068 2959 1209 3025 Ceterum
1231 2984 1324 3046 quum

130 3193 154 3256 8,
175 3191 216 3258 36,
236 3193 275 3246 18.
308 3196 609 3262 Comisscntesque.
629 3197 654 3244 S.
675 3195 730 3246 Liv.
745 3191 769 3256 9,
790 3191 829 3256 17,
850 3190 898 3244 17:
919 3192 1019 3255 Iudice,
1035 3210 1085 3261 per
1120 3209 1180 3245 acm
1197 3195 1324 3257 (Alexan-

65 3264 123 3325 der)
151 3263 284 3312 temulento
308 3267 408 3330 upmime
430 3262 709 3315 comissabundus
735 3261 848 3323 incessit,
877 3263 932 3313 und
953 3264 979 3313 C.
997 3260 1021 3325 9,
1042 3261 1082 3325 42,
1102 3211 1143 3313 Ab.
1169 3288 1198 3299 ·-
1228 3263 1325 3315 iuter

65 3346 127 3379 cru
144 3330 292 3380 bostium
311 3335 406 3382 tecit.
426 3336 450 3384 S.
469 3335 540 3396 Virg.
556 3334 619 3382 Aen.
638 3328 664 3394 ὓ,
680 3327 729 3379 681
747 3331 786 3379 n:
805 3345 913 3394 mamque
929 3345 1039 3395 mamus
1056 3330 1151 3379 iuter
1169 3338 1323 3379 maesto-

64 3413 202 3464 rumque
229 3416 289 3448 eru
311 3407 495 3466 pareutum
510 3400 580 3449 Ecce
600 3397 770 3447 lecissummo
790 3397 931 3447 desertina
950 3397 1017 3448 cisae
1036 3395 1089 3448 tati
1108 3396 1223 3447 Fundere
1243 3395 1326 3448 tumea
1375 3435 1377 3440 .

64 3482 140 3532 upce.
993 3484 995 3488 ⁴

133 3555 157 3618 8,
177 3556 218 3618 87,
240 3556 278 3608 19.
315 3558 479 3609 Acadira.
498 3560 536 3608 R:
557 3556 688 3608 Acuderu.
707 3583 734 3592 -
756 3563 865 3605 caste.
884 3556 926 3606 F.:
946 3563 1011 3607 aesta.
1031 3584 1059 3593 -·
1087 3554 1112 3618 8,
1129 3553 1172 3618 37,
1192 3554 1233 3607 20.
1254 3555 1324 3606 na-

66 3626 189 3674 tiouem
208 3625 298 3674 belli.
332 3630 357 3676 S.
374 3630 427 3677 Cic.
447 3629 480 3677 de
499 3628 618 3690 provinc.
640 3625 740 3676 consul.
763 3620 802 3685 14,
821 3620 865 3672 35;
886 3640 932 3673 uec
953 3630 1062 3674 totam
1080 3621 1213 3690 pattici
1238 3620 1326 3673 belli

64 3693 246 3746 rationem.
273 3711 374 3760 prope
396 3695 464 3744 ium
490 3693 715 3760 explicatum,
744 3690 897 3758 perturbare
917 3698 994 3758 utque
1012 3691 1134 3759 impedire
1149 3690 1269 3743 debemus.
1291 3720 1323 3731 -

65 3759 122 3810 ubi
141 3777 212 3810 nou.
232 3762 271 3810 F.:
294 3769 318 3810 et
338 3763 387 3828 qui.
423 3763 503 3812 tenes
520 3764 557 3812 ist
577 3762 649 3824 Conj.
668 3773 721 3809 vou
741 3761 868 3824 Bougers.

134 3849 160 3912 8,
177 3850 218 3912 37,
240 3850 282 3901 2⁸2.
321 3853 478 3918 Choaspe.
512 3854 595 3901 Ritter
612 3851 775 3910 vermuthet,
795 3851 858 3901 dass
877 3863 907 3900 es
928 3849 977 3900 dar
994 3850 1169 3901 Kauseblaur
1185 3850 1251 3901 oder
1268 3850 1325 3899 Ka-

66 3921 128 3969 meh
144 3923 191 3982 sei,
210 3921 258 3970 der
274 3922 330 3972 sich
351 3935 404 3970 von
424 3920 531 3970 Norden
551 3921 598 3969 her
615 3932 664 3968 eus
686 3919 747 3968 dem
764 3917 924 3967 Koonertbat
943 3918 970 3967 in
991 3917 1043 3968 deu
1055 3916 1139 3967 Kabut
1159 3918 1279 3980 ergiesst.
1294 3943 1322 3952 -

65 3987 203 4037 Beiram.
235 3990 278 4038 F.:
301 3987 425 4038 Becircm.
453 3989 501 4037 Dte
521 3988 630 4050 Vulgata
648 3988 732 4035 stittzt
748 3986 805 4035 sich
822 3984 972 4036 besonders
991 3984 1039 4034 arnt
1050 3987 1107 4034 Arr.
1128 3981 1152 4047 l,
1171 3981 1212 4046 27,
1231 3981 1258 4044 b,
1277 3984 1326 4036 der

66 4057 178 4117 erzebtt,
201 4057 264 4106 dass
289 4058 357 4107 nach
382 4057 430 4106 der
448 4055 604 4117 Ereberuug
628 4064 682 4102 von
698 4055 818 4117 Massaga
838 4052 944 4103 Coenos
967 4064 1053 4117 gagen
1071 4046 1205 4122 Βάζιρα
1224 4064 1326 4115 ausge-

67 4124 163 4173 seudet
179 4126 226 4181 sei,
252 4123 317 4174 aber
334 4124 418 4174 setbst
434 4124 508 4172 nicht
524 4123 575 4172 viel
596 4121 777 4184 ausgeriehtet
801 4120 878 4171 habe
913 4120 967 4170 Des
990 4120 1070 4170 Latrat
1093 4120 1160 4171 least
1176 4119 1234 4170 sich
1254 4120 1327 4170 uicbt

67 4191 234 4241 bestimmeu.
255 4219 283 4227 -
315 4190 481 4256 Meropas.
516 4190 549 4240 Es
572 4203 629 4238 war
652 4189 695 4238 die
713 4192 819 4252 gro'sste
832 4188 911 4238 stadt
930 4188 968 4237 im
985 4188 1076 4238 Laude
1100 4187 1149 4238 dar
1168 4187 1325 4248 Assalieuer,

69 4260 182 4310 wetcbes
200 4261 267 4309 Volk
286 4261 355 4308 nach
373 4261 456 4309 Ritter
473 4257 594 4308 nbrdticb
611 4269 666 4306 von
682 4256 745 4306 dem
760 4255 986 4307 Zusammenfluss
1006 4256 1055 4306 des
1072 4255 1157 4307 Kabul
1174 4255 1230 4306 und
1244 4255 1327 4305 ludus

69 4327 183 4377 wobnte.
216 4328 354 4377 Vietteicht
372 4327 460 4376 finden
481 4327 537 4376 sich
556 4325 599 4374 dia
619 4326 724 4386 Spuren
741 4324 790 4374 des
807 4325 923 4373 Nemees
941 4323 1012 4373 noch
1032 4324 1069 4372 im
1086 4323 1187 4376 Nameu
1211 4322 1259 4373 des
1276 4321 1326 4372 At-

67 4395 271 4456 gbeucnvolkes.
305 4396 355 4443 Fur
374 4396 445 4444 Curt.
462 4395 499 4444 ist
513 4395 665 4443 Assacanus
682 4393 867 4455 Kduigsname.
892 4390 1034 4441 Aebuticbe
1053 4391 1122 4444 retra
1139 4403 1162 4441 s.
1180 4386 1205 4451 8,
1223 4385 1264 4452 ta
1284 4386 1325 4441 13.

68 4460 94 4521 9,
112 4460 155 4525 31,
172 4459 196 4511 8.
217 4490 247 4497 -
268 4461 437 4529 Cleophis.
457 4461 497 4511 ΕΞ
520 4458 650 4526 Cleepbes.

137 4550 164 4612 a,
180 4550 224 4612 er,
239 4550 280 4603 aa.
309 4551 556 4602 xxxviiia:
578 4549 693 4616 amaea
708 4575 736 4586 -
757 4544 782 4612 s,
795 4543 891 4609 anan
904 4545 929 4596 x
948 4520 1097 4599 uerrere.
1117 4550 1143 4613 s.
1157 4563 1190 4599 zu
1202 4545 1326 4612 e‚1a,1a

71 4648 99 4658 -
121 4619 146 4684 8,
167 4618 266 4682 emb.
292 4620 452 4673 Stadium.
479 4621 520 4671 R:
538 4617 634 4671 stadia.
657 4620 684 4669 S.
700 4631 734 4669 zu
748 4614 774 4678 b,
790 4613 835 4676 20,
854 4611 878 4667 9.
901 4642 929 4653 -
956 4612 981 4678 8,
998 4612 1042 4681 37,
1060 4613 1103 4670 Ἃ
1134 4615 1326 4683 Tantone.
