<?xml version="1.0" encoding="UTF-8"?>
<!DOCTYPE html PUBLIC "-//W3C//DTD XHTML 1.0 Transitional//EN"
    "http://www.w3.org/TR/xhtml1/DTD/xhtml1-transitional.dtd">
<html xmlns="http://www.w3.org/1999/xhtml" xml:lang="en" lang="en">
 <head>
  <title>
</title>
<meta http-equiv="Content-Type" content="text/html;charset=utf-8" />
  <meta name='ocr-system' content='tesseract 3.04.00' />
  <meta name='ocr-capabilities' content='ocr_page ocr_carea ocr_par ocr_line ocrx_word'/>
</head>
<body>
  <div class='ocr_page' id='page_1' title='image "./qcurtiirufidege00mtgoog_0247.png"; bbox 0 0 2820 4964; ppageno 0'>
   <div class='ocr_carea' id='block_1_1' title="bbox 210 189 1318 271">
    <p class='ocr_par' dir='ltr' id='par_1_1' title="bbox 210 189 1318 271">
     <span class='ocr_line' id='line_1_1' title="bbox 210 189 1318 271; baseline 0.007 -20"><span class='ocrx_word' id='word_1_1' title='bbox 210 190 278 256; x_wconf 88' lang='lat' dir='ltr'><strong>Vll.</strong></span> <span class='ocrx_word' id='word_1_2' title='bbox 299 189 402 256; x_wconf 86' lang='lat' dir='ltr'>XXX.</span> <span class='ocrx_word' id='word_1_3' title='bbox 422 192 546 256; x_wconf 77' lang='grc'><strong>8-19.</strong></span> <span class='ocrx_word' id='word_1_4' title='bbox 572 190 694 258; x_wconf 78' lang='lat' dir='ltr'>XXXI.</span> <span class='ocrx_word' id='word_1_5' title='bbox 717 190 1027 271; x_wconf 44' lang='lat' dir='ltr'><strong>tto-asaxxxu.</strong></span> <span class='ocrx_word' id='word_1_6' title='bbox 1047 193 1098 259; x_wconf 81' lang='lat'><strong>30.</strong></span> <span class='ocrx_word' id='word_1_7' title='bbox 1120 194 1170 257; x_wconf 86' lang='lat'><strong>31.</strong></span> <span class='ocrx_word' id='word_1_8' title='bbox 1253 192 1318 259; x_wconf 71' lang='lat'><strong>23⁰</strong></span> 
     </span>
    </p>
   </div>
   <div class='ocr_carea' id='block_1_2' title="bbox 50 310 1328 2732">
    <p class='ocr_par' dir='ltr' id='par_1_2' title="bbox 50 310 1328 2732">
     <span class='ocr_line' id='line_1_2' title="bbox 58 310 1317 442; baseline 0 -20"><span class='ocrx_word' id='word_1_9' title='bbox 58 359 257 435; x_wconf 78' lang='lat' dir='ltr'><strong>audientibus,</strong></span> <span class='ocrx_word' id='word_1_10' title='bbox 280 360 410 433; x_wconf 86' lang='lat' dir='ltr'><strong>dixerat;</strong></span> <span class='ocrx_word' id='word_1_11' title='bbox 441 381 533 441; x_wconf 88' lang='lat' dir='ltr'><strong>quum</strong></span> <span class='ocrx_word' id='word_1_12' title='bbox 553 381 658 424; x_wconf 88' lang='lat' dir='ltr'><strong>omnes</strong></span> <span class='ocrx_word' id='word_1_13' title='bbox 682 382 704 423; x_wconf 80' lang='lat' dir='ltr'><strong>a</strong></span> <span class='ocrx_word' id='word_1_14' title='bbox 721 367 781 424; x_wconf 85' lang='lat' dir='ltr'><strong>lam</strong></span> <span class='ocrx_word' id='word_1_15' title='bbox 808 359 965 440; x_wconf 76' lang='lat' dir='ltr'><strong>praecipiti</strong></span> <span class='ocrx_word' id='word_1_16' title='bbox 992 310 1122 424; x_wconf 43' lang='lat' dir='ltr'><strong>consito</strong></span> <span class='ocrx_word' id='word_1_17' title='bbox 1144 344 1247 442; x_wconf 77' lang='lat' dir='ltr'><strong>regem</strong></span> <span class='ocrx_word' id='word_1_18' title='bbox 1266 361 1317 423; x_wconf 83' lang='lat' dir='ltr'><strong>de·</strong></span> 
     </span>
     <span class='ocr_line' id='line_1_3' title="bbox 58 451 1317 537; baseline 0.002 -20"><span class='ocrx_word' id='word_1_19' title='bbox 58 462 174 517; x_wconf 85' lang='lat' dir='ltr'><strong>terrere</strong></span> <span class='ocrx_word' id='word_1_20' title='bbox 197 462 373 536; x_wconf 89' lang='lat' dir='ltr'><strong>coeperunt.</strong></span> <span class='ocrx_word' id='word_1_21' title='bbox 406 451 580 535; x_wconf 76' lang='lat' dir='ltr'><strong>2¹Erigyius</strong></span> <span class='ocrx_word' id='word_1_22' title='bbox 601 459 736 534; x_wconf 86' lang='lat' dir='ltr'><strong>maxime,</strong></span> <span class='ocrx_word' id='word_1_23' title='bbox 767 457 818 537; x_wconf 89' lang='lat' dir='ltr'><strong>qui</strong></span> <span class='ocrx_word' id='word_1_24' title='bbox 845 457 925 518; x_wconf 88' lang='lat' dir='ltr'><strong>baud</strong></span> <span class='ocrx_word' id='word_1_25' title='bbox 946 476 1019 519; x_wconf 88' lang='lat' dir='ltr'><strong>sane</strong></span> <span class='ocrx_word' id='word_1_26' title='bbox 1042 458 1219 520; x_wconf 85' lang='lat' dir='ltr'><strong>anctoritate</strong></span> <span class='ocrx_word' id='word_1_27' title='bbox 1245 476 1317 537; x_wconf 86' lang='lat' dir='ltr'><strong>pro·</strong></span> 
     </span>
     <span class='ocr_line' id='line_1_4' title="bbox 59 551 1318 634; baseline 0.003 -22"><span class='ocrx_word' id='word_1_28' title='bbox 59 553 165 614; x_wconf 84' lang='lat' dir='ltr'><strong>ficiens</strong></span> <span class='ocrx_word' id='word_1_29' title='bbox 184 553 266 631; x_wconf 92' lang='lat' dir='ltr'><strong>apud</strong></span> <span class='ocrx_word' id='word_1_30' title='bbox 286 551 466 615; x_wconf 88' lang='lat' dir='ltr'><strong>obstinatum</strong></span> <span class='ocrx_word' id='word_1_31' title='bbox 487 553 626 629; x_wconf 89' lang='lat' dir='ltr'><strong>animum,</strong></span> <span class='ocrx_word' id='word_1_32' title='bbox 652 553 905 634; x_wconf 78' lang='lat' dir='ltr'><strong>superstitionem,</strong></span> <span class='ocrx_word' id='word_1_33' title='bbox 930 553 1016 616; x_wconf 89' lang='lat' dir='ltr'><strong>ouius</strong></span> <span class='ocrx_word' id='word_1_34' title='bbox 1043 560 1152 633; x_wconf 88' lang='lat' dir='ltr'><strong>potens</strong></span> <span class='ocrx_word' id='word_1_35' title='bbox 1172 575 1235 617; x_wconf 89' lang='lat' dir='ltr'><strong>non</strong></span> <span class='ocrx_word' id='word_1_36' title='bbox 1253 561 1318 616; x_wconf 86' lang='lat' dir='ltr'><strong>erat</strong></span> 
     </span>
     <span class='ocr_line' id='line_1_5' title="bbox 59 649 1316 731; baseline 0.002 -23"><span class='ocrx_word' id='word_1_37' title='bbox 59 669 122 724; x_wconf 88' lang='lat' dir='ltr'><strong>rex,</strong></span> <span class='ocrx_word' id='word_1_38' title='bbox 145 649 277 710; x_wconf 80' lang='lat' dir='ltr'><strong>incutere</strong></span> <span class='ocrx_word' id='word_1_39' title='bbox 296 649 428 725; x_wconf 84' lang='lat' dir='ltr'><strong>tentavit,</strong></span> <span class='ocrx_word' id='word_1_40' title='bbox 458 649 595 725; x_wconf 88' lang='lat' dir='ltr'><strong>dicendo,</strong></span> <span class='ocrx_word' id='word_1_41' title='bbox 624 650 699 712; x_wconf 90' lang='lat' dir='ltr'><strong>deos</strong></span> <span class='ocrx_word' id='word_1_42' title='bbox 718 669 841 731; x_wconf 90' lang='lat' dir='ltr'><strong>quoque</strong></span> <span class='ocrx_word' id='word_1_43' title='bbox 862 650 982 711; x_wconf 85' lang='lat' dir='ltr'><strong>obstare</strong></span> <span class='ocrx_word' id='word_1_44' title='bbox 1003 651 1141 726; x_wconf 88' lang='lat' dir='ltr'><strong>consilio,</strong></span> <span class='ocrx_word' id='word_1_45' title='bbox 1165 670 1316 730; x_wconf 79' lang='lat' dir='ltr'><strong>magnom-</strong></span> 
     </span>
     <span class='ocr_line' id='line_1_6' title="bbox 58 739 1318 825; baseline 0.002 -20"><span class='ocrx_word' id='word_1_46' title='bbox 58 764 119 824; x_wconf 91' lang='lat' dir='ltr'><strong>que</strong></span> <span class='ocrx_word' id='word_1_47' title='bbox 139 744 315 822; x_wconf 87' lang='lat' dir='ltr'><strong>periculum,</strong></span> <span class='ocrx_word' id='word_1_48' title='bbox 336 745 361 806; x_wconf 88' lang='lat' dir='ltr'><strong>si</strong></span> <span class='ocrx_word' id='word_1_49' title='bbox 381 746 493 807; x_wconf 85' lang='lat' dir='ltr'><strong>flumen</strong></span> <span class='ocrx_word' id='word_1_50' title='bbox 512 745 675 820; x_wconf 74' lang='lat' dir='ltr'><strong>transisset,</strong></span> <span class='ocrx_word' id='word_1_51' title='bbox 695 745 821 808; x_wconf 82' lang='lat' dir='ltr'><strong>ostendi.</strong></span> <span class='ocrx_word' id='word_1_52' title='bbox 861 739 1018 806; x_wconf 78' lang='lat' dir='ltr'><strong>²²lntranli</strong></span> <span class='ocrx_word' id='word_1_53' title='bbox 1037 746 1162 825; x_wconf 78' lang='lat' dir='ltr'><strong>Erigyio</strong></span> <span class='ocrx_word' id='word_1_54' title='bbox 1182 747 1318 817; x_wconf 66' lang='lat' dir='ltr'><strong>uberne-</strong></span> 
     </span>
     <span class='ocr_line' id='line_1_7' title="bbox 58 839 1317 920; baseline 0.002 -20"><span class='ocrx_word' id='word_1_55' title='bbox 58 840 161 900; x_wconf 89' lang='lat' dir='ltr'><strong>culum</strong></span> <span class='ocrx_word' id='word_1_56' title='bbox 191 840 271 918; x_wconf 90' lang='lat' dir='ltr'><strong>regis</strong></span> <span class='ocrx_word' id='word_1_57' title='bbox 291 839 468 901; x_wconf 82' lang='lat' dir='ltr'><strong>Aristander·</strong></span> <span class='ocrx_word' id='word_1_58' title='bbox 492 847 675 915; x_wconf 86' lang='lat' dir='ltr'><strong>occurrerat,</strong></span> <span class='ocrx_word' id='word_1_59' title='bbox 705 841 801 903; x_wconf 80' lang='lat' dir='ltr'><strong>tristia</strong></span> <span class='ocrx_word' id='word_1_60' title='bbox 820 846 889 902; x_wconf 87' lang='lat' dir='ltr'><strong>exta</strong></span> <span class='ocrx_word' id='word_1_61' title='bbox 911 841 1004 903; x_wconf 83' lang='lat' dir='ltr'><strong>fuisse</strong></span> <span class='ocrx_word' id='word_1_62' title='bbox 1030 842 1215 920; x_wconf 85' lang='lat' dir='ltr'><strong>significans:</strong></span> <span class='ocrx_word' id='word_1_63' title='bbox 1230 843 1317 911; x_wconf 83' lang='lat' dir='ltr'><strong>-baec</strong></span> 
     </span>
     <span class='ocr_line' id='line_1_8' title="bbox 58 933 1318 1018; baseline 0.002 -22"><span class='ocrx_word' id='word_1_64' title='bbox 58 955 98 996; x_wconf 88' lang='lat' dir='ltr'><strong>ex</strong></span> <span class='ocrx_word' id='word_1_65' title='bbox 124 943 194 996; x_wconf 88' lang='lat' dir='ltr'><strong>vate</strong></span> <span class='ocrx_word' id='word_1_66' title='bbox 215 941 371 1013; x_wconf 87' lang='lat' dir='ltr'><strong>comperta</strong></span> <span class='ocrx_word' id='word_1_67' title='bbox 390 936 532 1015; x_wconf 80' lang='lat' dir='ltr'><strong>Erigyius</strong></span> <span class='ocrx_word' id='word_1_68' title='bbox 559 937 720 999; x_wconf 72' lang='lat' dir='ltr'><strong>nuntiabat</strong></span> <span class='ocrx_word' id='word_1_69' title='bbox 753 933 869 1018; x_wconf 78' lang='lat' dir='ltr'><strong>·²³Quo</strong></span> <span class='ocrx_word' id='word_1_70' title='bbox 891 936 1235 1013; x_wconf 65' lang='lat' dir='ltr'><strong>inbibit0„Alexander,</strong></span> <span class='ocrx_word' id='word_1_71' title='bbox 1256 956 1318 999; x_wconf 90' lang='lat' dir='ltr'><strong>nou</strong></span> 
     </span>
     <span class='ocr_line' id='line_1_9' title="bbox 58 1030 1317 1114; baseline 0.003 -24"><span class='ocrx_word' id='word_1_72' title='bbox 58 1031 105 1092; x_wconf 88' lang='lat' dir='ltr'><strong>ira</strong></span> <span class='ocrx_word' id='word_1_73' title='bbox 120 1031 227 1105; x_wconf 88' lang='lat' dir='ltr'><strong>solum,</strong></span> <span class='ocrx_word' id='word_1_74' title='bbox 248 1030 303 1090; x_wconf 89' lang='lat' dir='ltr'><strong>sed</strong></span> <span class='ocrx_word' id='word_1_75' title='bbox 322 1031 409 1090; x_wconf 88' lang='lat' dir='ltr'><strong>etiam</strong></span> <span class='ocrx_word' id='word_1_76' title='bbox 428 1033 546 1110; x_wconf 90' lang='lat' dir='ltr'><strong>pudore</strong></span> <span class='ocrx_word' id='word_1_77' title='bbox 565 1034 718 1109; x_wconf 84' lang='lat' dir='ltr'><strong>contusus,</strong></span> <span class='ocrx_word' id='word_1_78' title='bbox 740 1033 822 1114; x_wconf 90' lang='lat' dir='ltr'><strong>quod</strong></span> <span class='ocrx_word' id='word_1_79' title='bbox 841 1031 1024 1112; x_wconf 81' lang='lat' dir='ltr'><strong>superstitio,</strong></span> <span class='ocrx_word' id='word_1_80' title='bbox 1051 1052 1139 1113; x_wconf 89' lang='lat' dir='ltr'><strong>quam</strong></span> <span class='ocrx_word' id='word_1_81' title='bbox 1161 1035 1317 1108; x_wconf 79' lang='lat' dir='ltr'><strong>celaverat,</strong></span> 
     </span>
     <span class='ocr_line' id='line_1_10' title="bbox 57 1124 1318 1205; baseline 0.002 -17"><span class='ocrx_word' id='word_1_82' title='bbox 57 1127 264 1205; x_wconf 80' lang='lat' dir='ltr'><strong>detegebatur,</strong></span> <span class='ocrx_word' id='word_1_83' title='bbox 276 1125 485 1188; x_wconf 78' lang='lat' dir='ltr'><strong>Aristandrum</strong></span> <span class='ocrx_word' id='word_1_84' title='bbox 501 1128 605 1190; x_wconf 83' lang='lat' dir='ltr'><strong>vocari</strong></span> <span class='ocrx_word' id='word_1_85' title='bbox 629 1128 718 1191; x_wconf 88' lang='lat' dir='ltr'><strong>iubat.</strong></span> <span class='ocrx_word' id='word_1_86' title='bbox 744 1124 841 1205; x_wconf 79' lang='lat' dir='ltr'><strong>²⁴Qui</strong></span> <span class='ocrx_word' id='word_1_87' title='bbox 858 1136 892 1190; x_wconf 92' lang='lat' dir='ltr'><strong>ut</strong></span> <span class='ocrx_word' id='word_1_88' title='bbox 908 1128 998 1205; x_wconf 83' lang='lat' dir='ltr'><strong>venit,</strong></span> <span class='ocrx_word' id='word_1_89' title='bbox 1019 1128 1136 1190; x_wconf 90' lang='lat' dir='ltr'><strong>intuens</strong></span> <span class='ocrx_word' id='word_1_90' title='bbox 1153 1148 1231 1205; x_wconf 90' lang='lat' dir='ltr'><strong>eum,</strong></span> <span class='ocrx_word' id='word_1_91' title='bbox 1247 1131 1318 1190; x_wconf 86' lang='lat' dir='ltr'><strong>Non</strong></span> 
     </span>
     <span class='ocr_line' id='line_1_11' title="bbox 56 1221 1321 1304; baseline 0.003 -21"><span class='ocrx_word' id='word_1_92' title='bbox 56 1244 125 1298; x_wconf 74' lang='lat' dir='ltr'><strong>rac,</strong></span> <span class='ocrx_word' id='word_1_93' title='bbox 143 1221 248 1302; x_wconf 90' lang='lat' dir='ltr'><strong>inquit,</strong></span> <span class='ocrx_word' id='word_1_94' title='bbox 276 1223 328 1282; x_wconf 84' lang='lat' dir='ltr'><strong>red</strong></span> <span class='ocrx_word' id='word_1_95' title='bbox 341 1225 486 1302; x_wconf 65' lang='lat' dir='ltr'><strong>meatur</strong></span> <span class='ocrx_word' id='word_1_96' title='bbox 504 1243 581 1284; x_wconf 80' lang='lat' dir='ltr'><strong>rant.</strong></span> <span class='ocrx_word' id='word_1_97' title='bbox 622 1223 821 1302; x_wconf 73' lang='lat' dir='ltr'><strong>Sacrificium</strong></span> <span class='ocrx_word' id='word_1_98' title='bbox 841 1232 880 1284; x_wconf 85' lang='lat' dir='ltr'><strong>at</strong></span> <span class='ocrx_word' id='word_1_99' title='bbox 888 1224 1025 1304; x_wconf 80' lang='lat' dir='ltr'><strong>faceres,</strong></span> <span class='ocrx_word' id='word_1_100' title='bbox 1049 1225 1217 1296; x_wconf 81' lang='lat' dir='ltr'><strong>mondavi,·</strong></span> <span class='ocrx_word' id='word_1_101' title='bbox 1244 1225 1321 1304; x_wconf 77' lang='lat' dir='ltr'><strong>qaia</strong></span> 
     </span>
     <span class='ocr_line' id='line_1_12' title="bbox 57 1317 1318 1397; baseline 0.002 -17"><span class='ocrx_word' id='word_1_102' title='bbox 57 1339 95 1380; x_wconf 80' lang='lat' dir='ltr'><strong>ea</strong></span> <span class='ocrx_word' id='word_1_103' title='bbox 114 1319 356 1397; x_wconf 71' lang='lat' dir='ltr'><strong>portenderetur,</strong></span> <span class='ocrx_word' id='word_1_104' title='bbox 376 1324 433 1379; x_wconf 78' lang='lat' dir='ltr'><strong>car</strong></span> <span class='ocrx_word' id='word_1_105' title='bbox 450 1317 539 1397; x_wconf 76' lang='lat' dir='ltr'><strong>apred</strong></span> <span class='ocrx_word' id='word_1_106' title='bbox 558 1318 666 1393; x_wconf 81' lang='lat' dir='ltr'><strong>alium,</strong></span> <span class='ocrx_word' id='word_1_107' title='bbox 694 1337 789 1396; x_wconf 70' lang='lat' dir='ltr'><strong>pram</strong></span> <span class='ocrx_word' id='word_1_108' title='bbox 808 1319 896 1396; x_wconf 79' lang='lat' dir='ltr'><strong>apud</strong></span> <span class='ocrx_word' id='word_1_109' title='bbox 911 1339 960 1379; x_wconf 84' lang='lat' dir='ltr'><strong>me</strong></span> <span class='ocrx_word' id='word_1_110' title='bbox 974 1319 1132 1397; x_wconf 68' lang='lat' dir='ltr'><strong>prtffcnur</strong></span> <span class='ocrx_word' id='word_1_111' title='bbox 1151 1324 1204 1382; x_wconf 80' lang='lat' dir='ltr'><strong>cr?</strong></span> <span class='ocrx_word' id='word_1_112' title='bbox 1245 1321 1318 1383; x_wconf 59' lang='lat' dir='ltr'><strong>ma&gt;</strong></span> 
     </span>
     <span class='ocr_line' id='line_1_13' title="bbox 55 1413 1318 1494; baseline -0.001 -20"><span class='ocrx_word' id='word_1_113' title='bbox 55 1417 152 1494; x_wconf 82' lang='lat' dir='ltr'><strong>gpiar</strong></span> <span class='ocrx_word' id='word_1_114' title='bbox 167 1434 287 1474; x_wconf 86' lang='lat' dir='ltr'><strong>arcuna</strong></span> <span class='ocrx_word' id='word_1_115' title='bbox 308 1433 376 1474; x_wconf 83' lang='lat' dir='ltr'><strong>mea</strong></span> <span class='ocrx_word' id='word_1_116' title='bbox 395 1421 427 1474; x_wconf 87' lang='lat' dir='ltr'><strong>et</strong></span> <span class='ocrx_word' id='word_1_117' title='bbox 446 1422 561 1475; x_wconf 82' lang='lat' dir='ltr'><strong>secreta</strong></span> <span class='ocrx_word' id='word_1_118' title='bbox 580 1421 610 1473; x_wconf 84' lang='lat' dir='ltr'><strong>tc</strong></span> <span class='ocrx_word' id='word_1_119' title='bbox 625 1413 774 1491; x_wconf 75' lang='lat' dir='ltr'><strong>prodente</strong></span> <span class='ocrx_word' id='word_1_120' title='bbox 793 1416 942 1491; x_wconf 83' lang='lat' dir='ltr'><strong>cognouit.</strong></span> <span class='ocrx_word' id='word_1_121' title='bbox 988 1415 1083 1482; x_wconf 77' lang='lat' dir='ltr'><strong>Quem</strong></span> <span class='ocrx_word' id='word_1_122' title='bbox 1103 1421 1229 1490; x_wconf 76' lang='lat' dir='ltr'><strong>eertum,</strong></span> <span class='ocrx_word' id='word_1_123' title='bbox 1257 1435 1318 1475; x_wconf 78' lang='lat' dir='ltr'><strong>rue·</strong></span> 
     </span>
     <span class='ocr_line' id='line_1_14' title="bbox 58 1505 1318 1588; baseline 0.001 -16"><span class='ocrx_word' id='word_1_124' title='bbox 58 1511 190 1586; x_wconf 64' lang='lat' dir='ltr'><strong>manle,</strong></span> <span class='ocrx_word' id='word_1_125' title='bbox 208 1509 300 1570; x_wconf 80' lang='lat' dir='ltr'><strong>tabeo</strong></span> <span class='ocrx_word' id='word_1_126' title='bbox 320 1517 461 1571; x_wconf 78' lang='lat' dir='ltr'><strong>catarum</strong></span> <span class='ocrx_word' id='word_1_127' title='bbox 479 1511 645 1587; x_wconf 76' lang='lat' dir='ltr'><strong>interprete</strong></span> <span class='ocrx_word' id='word_1_128' title='bbox 665 1511 716 1568; x_wconf 83' lang='lat' dir='ltr'><strong>ati</strong></span> <span class='ocrx_word' id='word_1_129' title='bbox 733 1516 818 1569; x_wconf 83' lang='lat' dir='ltr'><strong>metu</strong></span> <span class='ocrx_word' id='word_1_130' title='bbox 833 1528 896 1570; x_wconf 80' lang='lat' dir='ltr'><strong>nro.</strong></span> <span class='ocrx_word' id='word_1_131' title='bbox 932 1505 1043 1570; x_wconf 68' lang='lat' dir='ltr'><strong>²5libi</strong></span> <span class='ocrx_word' id='word_1_132' title='bbox 1060 1515 1164 1569; x_wconf 83' lang='lat' dir='ltr'><strong>aatem</strong></span> <span class='ocrx_word' id='word_1_133' title='bbox 1183 1509 1204 1552; x_wconf 83' lang='lat'><em>*</em></span> <span class='ocrx_word' id='word_1_134' title='bbox 1224 1529 1318 1588; x_wconf 85' lang='lat' dir='ltr'><strong>quam</strong></span> 
     </span>
     <span class='ocr_line' id='line_1_15' title="bbox 54 1604 1319 1685; baseline -0.002 -19"><span class='ocrx_word' id='word_1_135' title='bbox 54 1615 165 1685; x_wconf 85' lang='lat' dir='ltr'><strong>potest,</strong></span> <span class='ocrx_word' id='word_1_136' title='bbox 183 1607 341 1680; x_wconf 73' lang='lat' dir='ltr'><strong>denuntio,</strong></span> <span class='ocrx_word' id='word_1_137' title='bbox 362 1608 423 1684; x_wconf 84' lang='lat' dir='ltr'><strong>apri</strong></span> <span class='ocrx_word' id='word_1_138' title='bbox 440 1606 520 1665; x_wconf 80' lang='lat' dir='ltr'><strong>milri</strong></span> <span class='ocrx_word' id='word_1_139' title='bbox 535 1606 659 1678; x_wconf 70' lang='lat' dir='ltr'><strong>indica,</strong></span> <span class='ocrx_word' id='word_1_140' title='bbox 687 1604 765 1681; x_wconf 77' lang='lat' dir='ltr'><strong>qaid</strong></span> <span class='ocrx_word' id='word_1_141' title='bbox 783 1605 863 1664; x_wconf 76' lang='lat' dir='ltr'><strong>extis</strong></span> <span class='ocrx_word' id='word_1_142' title='bbox 883 1606 1066 1684; x_wconf 55' lang='lat' dir='ltr'><strong>cognoram</strong></span> <span class='ocrx_word' id='word_1_143' title='bbox 1091 1625 1133 1664; x_wconf 82' lang='lat' dir='ltr'><strong>ne</strong></span> <span class='ocrx_word' id='word_1_144' title='bbox 1154 1607 1250 1684; x_wconf 82' lang='lat' dir='ltr'><strong>porris</strong></span> <span class='ocrx_word' id='word_1_145' title='bbox 1270 1607 1319 1664; x_wconf 84' lang='lat' dir='ltr'><strong>in-</strong></span> 
     </span>
     <span class='ocr_line' id='line_1_16' title="bbox 50 1697 1317 1782; baseline -0.002 -19"><span class='ocrx_word' id='word_1_146' title='bbox 50 1704 164 1782; x_wconf 79' lang='lat' dir='ltr'><strong>fitiari</strong></span> <span class='ocrx_word' id='word_1_147' title='bbox 178 1703 297 1777; x_wconf 61' lang='lat' dir='ltr'><strong>dhisse,</strong></span> <span class='ocrx_word' id='word_1_148' title='bbox 315 1721 393 1779; x_wconf 85' lang='lat' dir='ltr'><strong>qaae</strong></span> <span class='ocrx_word' id='word_1_149' title='bbox 414 1702 537 1763; x_wconf 59' lang='lat' dir='ltr'><strong>durna</strong></span> <span class='ocrx_word' id='word_1_150' title='bbox 572 1697 661 1761; x_wconf 80' lang='lat' dir='ltr'><strong>2⁶1ua</strong></span> <span class='ocrx_word' id='word_1_151' title='bbox 686 1699 846 1778; x_wconf 89' lang='lat' dir='ltr'><strong>exsanguis</strong></span> <span class='ocrx_word' id='word_1_152' title='bbox 870 1700 1058 1780; x_wconf 86' lang='lat' dir='ltr'><strong>attonitoque</strong></span> <span class='ocrx_word' id='word_1_153' title='bbox 1081 1700 1186 1761; x_wconf 86' lang='lat' dir='ltr'><strong>similia</strong></span> <span class='ocrx_word' id='word_1_154' title='bbox 1211 1700 1317 1776; x_wconf 83' lang='lat' dir='ltr'><strong>stabat,</strong></span> 
     </span>
     <span class='ocr_line' id='line_1_17' title="bbox 60 1795 1318 1877; baseline 0 -19"><span class='ocrx_word' id='word_1_155' title='bbox 60 1818 118 1877; x_wconf 92' lang='lat' dir='ltr'><strong>per</strong></span> <span class='ocrx_word' id='word_1_156' title='bbox 137 1805 249 1858; x_wconf 89' lang='lat' dir='ltr'><strong>metum</strong></span> <span class='ocrx_word' id='word_1_157' title='bbox 271 1798 359 1858; x_wconf 87' lang='lat' dir='ltr'><strong>etiarn</strong></span> <span class='ocrx_word' id='word_1_158' title='bbox 382 1816 457 1858; x_wconf 91' lang='lat' dir='ltr'><strong>voce</strong></span> <span class='ocrx_word' id='word_1_159' title='bbox 488 1816 665 1876; x_wconf 83' lang='lat' dir='ltr'><strong>suppressa:</strong></span> <span class='ocrx_word' id='word_1_160' title='bbox 694 1795 872 1877; x_wconf 83' lang='lat' dir='ltr'><strong>tandemque</strong></span> <span class='ocrx_word' id='word_1_161' title='bbox 900 1796 1006 1859; x_wconf 89' lang='lat' dir='ltr'><strong>eodem</strong></span> <span class='ocrx_word' id='word_1_162' title='bbox 1029 1803 1110 1859; x_wconf 90' lang='lat' dir='ltr'><strong>metu</strong></span> <span class='ocrx_word' id='word_1_163' title='bbox 1139 1796 1318 1874; x_wconf 80' lang='lat' dir='ltr'><strong>stimulante,</strong></span> 
     </span>
     <span class='ocr_line' id='line_1_18' title="bbox 60 1891 1321 1975; baseline -0.002 -20"><span class='ocrx_word' id='word_1_164' title='bbox 60 1914 100 1955; x_wconf 91' lang='lat' dir='ltr'><strong>ue</strong></span> <span class='ocrx_word' id='word_1_165' title='bbox 127 1894 206 1972; x_wconf 88' lang='lat' dir='ltr'><strong>regis</strong></span> <span class='ocrx_word' id='word_1_166' title='bbox 237 1893 473 1972; x_wconf 84' lang='lat' dir='ltr'><strong>expectationem</strong></span> <span class='ocrx_word' id='word_1_167' title='bbox 499 1900 676 1968; x_wconf 88' lang='lat' dir='ltr'><strong>moraretur,</strong></span> <span class='ocrx_word' id='word_1_168' title='bbox 704 1893 830 1971; x_wconf 80' lang='lat' dir='ltr'><strong>Magni,</strong></span> <span class='ocrx_word' id='word_1_169' title='bbox 859 1891 963 1973; x_wconf 91' lang='lat' dir='ltr'><strong>inquit,</strong></span> <span class='ocrx_word' id='word_1_170' title='bbox 991 1891 1111 1968; x_wconf 69' lang='grc' dir='ltr'><strong>Ιαόονὼ,</strong></span> <span class='ocrx_word' id='word_1_171' title='bbox 1136 1898 1204 1954; x_wconf 76' lang='lat' dir='ltr'><strong>non</strong></span> <span class='ocrx_word' id='word_1_172' title='bbox 1232 1893 1321 1975; x_wconf 66' lang='lat' dir='ltr'><strong>irriti</strong></span> 
     </span>
     <span class='ocr_line' id='line_1_19' title="bbox 60 1987 1318 2067; baseline 0 -18"><span class='ocrx_word' id='word_1_173' title='bbox 60 1991 224 2049; x_wconf 65' lang='lat' dir='ltr'><strong>descrimen</strong></span> <span class='ocrx_word' id='word_1_174' title='bbox 243 1993 360 2050; x_wconf 75' lang='lat' dir='ltr'><strong>instare</strong></span> <span class='ocrx_word' id='word_1_175' title='bbox 374 1990 539 2067; x_wconf 79' lang='lat' dir='ltr'><strong>praediri:</strong></span> <span class='ocrx_word' id='word_1_176' title='bbox 566 2009 622 2050; x_wconf 81' lang='lat' dir='ltr'><strong>neo</strong></span> <span class='ocrx_word' id='word_1_177' title='bbox 648 2007 696 2049; x_wconf 85' lang='lat' dir='ltr'><strong>me</strong></span> <span class='ocrx_word' id='word_1_178' title='bbox 723 2008 776 2049; x_wconf 83' lang='lat' dir='ltr'><strong>ars</strong></span> <span class='ocrx_word' id='word_1_179' title='bbox 801 2009 878 2065; x_wconf 82' lang='lat' dir='ltr'><strong>mea,</strong></span> <span class='ocrx_word' id='word_1_180' title='bbox 904 2008 997 2066; x_wconf 85' lang='lat' dir='ltr'><strong>quam</strong></span> <span class='ocrx_word' id='word_1_181' title='bbox 1024 1987 1225 2051; x_wconf 72' lang='lat' dir='ltr'><strong>beniuolentia</strong></span> <span class='ocrx_word' id='word_1_182' title='bbox 1243 2007 1318 2067; x_wconf 89' lang='lat' dir='ltr'><strong>per-</strong></span> 
     </span>
     <span class='ocr_line' id='line_1_20' title="bbox 61 2074 1318 2162; baseline 0 -18"><span class='ocrx_word' id='word_1_183' title='bbox 61 2085 177 2146; x_wconf 82' lang='lat' dir='ltr'><strong>turbat.</strong></span> <span class='ocrx_word' id='word_1_184' title='bbox 207 2080 457 2162; x_wconf 80' lang='lat' dir='ltr'><strong>²⁷Infirmitatem</strong></span> <span class='ocrx_word' id='word_1_185' title='bbox 474 2086 661 2146; x_wconf 55' lang='lat' dir='ltr'><strong>ualetudine&amp;</strong></span> <span class='ocrx_word' id='word_1_186' title='bbox 678 2092 751 2144; x_wconf 79' lang='lat' dir='ltr'><strong>truse</strong></span> <span class='ocrx_word' id='word_1_187' title='bbox 769 2084 863 2159; x_wconf 81' lang='lat' dir='ltr'><strong>videa,</strong></span> <span class='ocrx_word' id='word_1_188' title='bbox 881 2092 914 2145; x_wconf 86' lang='lat' dir='ltr'><strong>et</strong></span> <span class='ocrx_word' id='word_1_189' title='bbox 928 2074 1080 2161; x_wconf 71' lang='lat' dir='ltr'><strong>partum</strong></span> <span class='ocrx_word' id='word_1_190' title='bbox 1094 2086 1129 2144; x_wconf 84' lang='lat' dir='ltr'><strong>in</strong></span> <span class='ocrx_word' id='word_1_191' title='bbox 1147 2104 1209 2145; x_wconf 84' lang='lat' dir='ltr'><strong>aaa</strong></span> <span class='ocrx_word' id='word_1_192' title='bbox 1220 2091 1249 2145; x_wconf 90' lang='lat' dir='ltr'><strong>te</strong></span> <span class='ocrx_word' id='word_1_193' title='bbox 1268 2085 1318 2161; x_wconf 84' lang='lat' dir='ltr'><strong>rit,</strong></span> 
     </span>
     <span class='ocr_line' id='line_1_21' title="bbox 59 2175 1318 2259; baseline 0.001 -19"><span class='ocrx_word' id='word_1_194' title='bbox 59 2183 131 2241; x_wconf 76' lang='lat' dir='ltr'><strong>scio.</strong></span> <span class='ocrx_word' id='word_1_195' title='bbox 182 2182 296 2251; x_wconf 85' lang='lat' dir='ltr'><strong>Vereor,</strong></span> <span class='ocrx_word' id='word_1_196' title='bbox 324 2199 364 2237; x_wconf 88' lang='lat' dir='ltr'><strong>ne</strong></span> <span class='ocrx_word' id='word_1_197' title='bbox 379 2180 536 2255; x_wconf 81' lang='lat' dir='ltr'><strong>praesenti</strong></span> <span class='ocrx_word' id='word_1_198' title='bbox 544 2180 705 2254; x_wconf 83' lang='lat' dir='ltr'><strong>fortunae</strong></span> <span class='ocrx_word' id='word_1_199' title='bbox 725 2186 799 2238; x_wconf 81' lang='lat' dir='ltr'><strong>tuae</strong></span> <span class='ocrx_word' id='word_1_200' title='bbox 820 2178 967 2258; x_wconf 79' lang='lat' dir='ltr'><strong>sufficere</strong></span> <span class='ocrx_word' id='word_1_201' title='bbox 992 2199 1057 2240; x_wconf 87' lang='lat' dir='ltr'><strong>non</strong></span> <span class='ocrx_word' id='word_1_202' title='bbox 1072 2183 1179 2259; x_wconf 70' lang='lat' dir='ltr'><strong>porris⁸</strong></span> <span class='ocrx_word' id='word_1_203' title='bbox 1214 2175 1318 2241; x_wconf 53' lang='lat' dir='ltr'><strong>Quen</strong></span> 
     </span>
     <span class='ocr_line' id='line_1_22' title="bbox 59 2272 1318 2359; baseline 0 -23"><span class='ocrx_word' id='word_1_204' title='bbox 59 2277 176 2335; x_wconf 89' lang='lat' dir='ltr'><strong>iussum</strong></span> <span class='ocrx_word' id='word_1_205' title='bbox 199 2273 352 2332; x_wconf 85' lang='lat' dir='ltr'><strong>confidere</strong></span> <span class='ocrx_word' id='word_1_206' title='bbox 371 2272 505 2332; x_wconf 83' lang='lat' dir='ltr'><strong>felicitati</strong></span> <span class='ocrx_word' id='word_1_207' title='bbox 527 2292 599 2335; x_wconf 86' lang='lat' dir='ltr'><strong>suae</strong></span> <span class='ocrx_word' id='word_1_208' title='bbox 617 2273 740 2333; x_wconf 83' lang='lat' dir='ltr'><strong>remisit</strong></span> <span class='ocrx_word' id='word_1_209' title='bbox 775 2272 842 2334; x_wconf 87' lang='lat' dir='ltr'><strong>Sibi</strong></span> <span class='ocrx_word' id='word_1_210' title='bbox 864 2275 942 2333; x_wconf 89' lang='lat' dir='ltr'><strong>enirn</strong></span> <span class='ocrx_word' id='word_1_211' title='bbox 963 2274 1000 2334; x_wconf 89' lang='lat' dir='ltr'><strong>ad</strong></span> <span class='ocrx_word' id='word_1_212' title='bbox 1023 2275 1081 2337; x_wconf 88' lang='lat' dir='ltr'><strong>alia</strong></span> <span class='ocrx_word' id='word_1_213' title='bbox 1102 2276 1230 2354; x_wconf 87' lang='lat' dir='ltr'><strong>gloriam</strong></span> <span class='ocrx_word' id='word_1_214' title='bbox 1247 2295 1318 2359; x_wconf 83' lang='lat' dir='ltr'><strong>porr·</strong></span> 
     </span>
     <span class='ocr_line' id='line_1_23' title="bbox 59 2360 1328 2449; baseline 0.002 -20"><span class='ocrx_word' id='word_1_215' title='bbox 59 2370 171 2430; x_wconf 89' lang='lat' dir='ltr'><strong>cedere</strong></span> <span class='ocrx_word' id='word_1_216' title='bbox 184 2369 265 2428; x_wconf 84' lang='lat' dir='ltr'><strong>deos.</strong></span> <span class='ocrx_word' id='word_1_217' title='bbox 294 2360 321 2403; x_wconf 79' lang='lat'><strong>²⁹</strong></span> <span class='ocrx_word' id='word_1_218' title='bbox 331 2364 519 2428; x_wconf 81' lang='lat' dir='ltr'><strong>Consultanti</strong></span> <span class='ocrx_word' id='word_1_219' title='bbox 532 2367 600 2427; x_wconf 92' lang='lat' dir='ltr'><strong>inde</strong></span> <span class='ocrx_word' id='word_1_220' title='bbox 613 2388 681 2429; x_wconf 90' lang='lat' dir='ltr'><strong>cum</strong></span> <span class='ocrx_word' id='word_1_221' title='bbox 693 2368 806 2444; x_wconf 88' lang='lat' dir='ltr'><strong>iisdem,</strong></span> <span class='ocrx_word' id='word_1_222' title='bbox 829 2388 958 2449; x_wconf 88' lang='lat' dir='ltr'><strong>quonam</strong></span> <span class='ocrx_word' id='word_1_223' title='bbox 979 2371 1071 2431; x_wconf 94' lang='lat' dir='ltr'><strong>modo</strong></span> <span class='ocrx_word' id='word_1_224' title='bbox 1091 2371 1203 2432; x_wconf 85' lang='lat' dir='ltr'><strong>flumen</strong></span> <span class='ocrx_word' id='word_1_225' title='bbox 1223 2377 1328 2431; x_wconf 75' lang='lat' dir='ltr'><strong>trans&#39;</strong></span> 
     </span>
     <span class='ocr_line' id='line_1_24' title="bbox 60 2459 1315 2542; baseline 0.002 -17"><span class='ocrx_word' id='word_1_226' title='bbox 60 2467 149 2539; x_wconf 85' lang='lat' dir='ltr'><strong>irent,</strong></span> <span class='ocrx_word' id='word_1_227' title='bbox 175 2461 348 2542; x_wconf 88' lang='lat' dir='ltr'><strong>supervenit</strong></span> <span class='ocrx_word' id='word_1_228' title='bbox 367 2459 551 2537; x_wconf 80' lang='lat' dir='ltr'><strong>Aristander,</strong></span> <span class='ocrx_word' id='word_1_229' title='bbox 572 2480 634 2523; x_wconf 91' lang='lat' dir='ltr'><strong>non</strong></span> <span class='ocrx_word' id='word_1_230' title='bbox 652 2463 725 2525; x_wconf 89' lang='lat' dir='ltr'><strong>alias</strong></span> <span class='ocrx_word' id='word_1_231' title='bbox 745 2462 870 2525; x_wconf 89' lang='lat' dir='ltr'><strong>laetiora</strong></span> <span class='ocrx_word' id='word_1_232' title='bbox 887 2469 955 2524; x_wconf 87' lang='lat' dir='ltr'><strong>exta</strong></span> <span class='ocrx_word' id='word_1_233' title='bbox 973 2464 1085 2527; x_wconf 86' lang='lat' dir='ltr'><strong>vidisse</strong></span> <span class='ocrx_word' id='word_1_234' title='bbox 1104 2467 1315 2541; x_wconf 76' lang='lat' dir='ltr'><strong>aestimans,</strong></span> 
     </span>
     <span class='ocr_line' id='line_1_25' title="bbox 59 2555 1319 2647; baseline 0 -26"><span class='ocrx_word' id='word_1_235' title='bbox 59 2560 163 2639; x_wconf 89' lang='lat' dir='ltr'><strong>utique</strong></span> <span class='ocrx_word' id='word_1_236' title='bbox 198 2557 351 2637; x_wconf 87' lang='lat' dir='ltr'><strong>prioribus</strong></span> <span class='ocrx_word' id='word_1_237' title='bbox 383 2555 474 2633; x_wconf 91' lang='lat' dir='ltr'><strong>longe</strong></span> <span class='ocrx_word' id='word_1_238' title='bbox 506 2556 637 2629; x_wconf 88' lang='lat' dir='ltr'><strong>diversa;</strong></span> <span class='ocrx_word' id='word_1_239' title='bbox 670 2563 732 2619; x_wconf 90' lang='lat' dir='ltr'><strong>turn</strong></span> <span class='ocrx_word' id='word_1_240' title='bbox 762 2557 970 2625; x_wconf 84' lang='lat' dir='ltr'><strong>sollicitudinis</strong></span> <span class='ocrx_word' id='word_1_241' title='bbox 999 2580 1104 2626; x_wconf 77' lang='lat' dir='ltr'><strong>causat</strong></span> <span class='ocrx_word' id='word_1_242' title='bbox 1132 2561 1319 2647; x_wconf 76' lang='lat' dir='ltr'><strong>apparuisse,</strong></span> 
     </span>
     <span class='ocr_line' id='line_1_26' title="bbox 60 2651 662 2732; baseline -0.003 -15"><span class='ocrx_word' id='word_1_243' title='bbox 60 2674 142 2717; x_wconf 89' lang='lat' dir='ltr'><strong>nunc</strong></span> <span class='ocrx_word' id='word_1_244' title='bbox 167 2672 293 2732; x_wconf 91' lang='lat' dir='ltr'><strong>prorsus</strong></span> <span class='ocrx_word' id='word_1_245' title='bbox 314 2651 432 2731; x_wconf 84' lang='lat' dir='ltr'><strong>egregie</strong></span> <span class='ocrx_word' id='word_1_246' title='bbox 451 2651 567 2714; x_wconf 87' lang='lat' dir='ltr'><strong>litatum</strong></span> <span class='ocrx_word' id='word_1_247' title='bbox 586 2671 662 2716; x_wconf 87' lang='lat' dir='ltr'><strong>esse.</strong></span> 
     </span>
    </p>
   </div>
   <div class='ocr_carea' id='block_1_3' title="bbox 60 2757 1319 2944">
    <p class='ocr_par' dir='ltr' id='par_1_3' title="bbox 60 2757 1319 2944">
     <span class='ocr_line' id='line_1_27' title="bbox 145 2757 1319 2848; baseline 0.008 -25"><span class='ocrx_word' id='word_1_248' title='bbox 145 2764 282 2824; x_wconf 88' lang='lat' dir='ltr'><strong>XXXll.</strong></span> <span class='ocrx_word' id='word_1_249' title='bbox 335 2757 514 2821; x_wconf 79' lang='lat' dir='ltr'><strong>³⁰Ceterum</strong></span> <span class='ocrx_word' id='word_1_250' title='bbox 550 2780 627 2840; x_wconf 87' lang='lat' dir='ltr'><strong>quae</strong></span> <span class='ocrx_word' id='word_1_251' title='bbox 667 2759 795 2822; x_wconf 89' lang='lat' dir='ltr'><strong>subinde</strong></span> <span class='ocrx_word' id='word_1_252' title='bbox 833 2765 967 2826; x_wconf 89' lang='lat' dir='ltr'><strong>nuntiata</strong></span> <span class='ocrx_word' id='word_1_253' title='bbox 998 2773 1069 2829; x_wconf 88' lang='lat' dir='ltr'><strong>sunt</strong></span> <span class='ocrx_word' id='word_1_254' title='bbox 1101 2770 1180 2848; x_wconf 89' lang='lat' dir='ltr'><strong>regi,</strong></span> <span class='ocrx_word' id='word_1_255' title='bbox 1223 2772 1319 2832; x_wconf 90' lang='lat' dir='ltr'><strong>conti-</strong></span> 
     </span>
     <span class='ocr_line' id='line_1_28' title="bbox 60 2855 1318 2944; baseline 0.007 -23"><span class='ocrx_word' id='word_1_256' title='bbox 60 2879 139 2922; x_wconf 88' lang='lat' dir='ltr'><strong>nuae</strong></span> <span class='ocrx_word' id='word_1_257' title='bbox 179 2857 314 2920; x_wconf 87' lang='lat' dir='ltr'><strong>felicitati</strong></span> <span class='ocrx_word' id='word_1_258' title='bbox 351 2876 450 2919; x_wconf 86' lang='lat' dir='ltr'><strong>rerum</strong></span> <span class='ocrx_word' id='word_1_259' title='bbox 483 2855 549 2918; x_wconf 90' lang='lat' dir='ltr'><strong>eius</strong></span> <span class='ocrx_word' id='word_1_260' title='bbox 587 2855 793 2939; x_wconf 87' lang='lat' dir='ltr'><strong>imposuerant</strong></span> <span class='ocrx_word' id='word_1_261' title='bbox 824 2858 931 2923; x_wconf 89' lang='lat' dir='ltr'><strong>labem.</strong></span> <span class='ocrx_word' id='word_1_262' title='bbox 990 2857 1246 2944; x_wconf 84' lang='lat' dir='ltr'><strong>³¹Menedemum,</strong></span> <span class='ocrx_word' id='word_1_263' title='bbox 1284 2875 1318 2930; x_wconf 88' lang='lat' dir='ltr'><strong>ut</strong></span> 
     </span>
    </p>
   </div>
   <div class='ocr_carea' id='block_1_4' title="bbox 57 3103 1316 3628">
    <p class='ocr_par' dir='ltr' id='par_1_4' title="bbox 57 3103 1316 3628">
     <span class='ocr_line' id='line_1_29' title="bbox 130 3103 1313 3170; baseline 0.008 -16"><span class='ocrx_word' id='word_1_264' title='bbox 130 3105 153 3168; x_wconf 88' lang='lat'><strong>7,</strong></span> <span class='ocrx_word' id='word_1_265' title='bbox 164 3104 204 3162; x_wconf 80' lang='grc'><strong>31,</strong></span> <span class='ocrx_word' id='word_1_266' title='bbox 214 3104 253 3155; x_wconf 72' lang='lat'><strong>23.</strong></span> <span class='ocrx_word' id='word_1_267' title='bbox 277 3105 456 3170; x_wconf 73' lang='lat' dir='ltr'><strong>Confusus.</strong></span> <span class='ocrx_word' id='word_1_268' title='bbox 476 3107 502 3154; x_wconf 87' lang='lat' dir='ltr'><strong>S.</strong></span> <span class='ocrx_word' id='word_1_269' title='bbox 521 3107 576 3156; x_wconf 88' lang='lat' dir='ltr'><strong>Liv.</strong></span> <span class='ocrx_word' id='word_1_270' title='bbox 589 3103 663 3168; x_wconf 78' lang='lat'><strong>6‚34,</strong></span> <span class='ocrx_word' id='word_1_271' title='bbox 679 3103 711 3156; x_wconf 85' lang='lat'><strong>8:</strong></span> <span class='ocrx_word' id='word_1_272' title='bbox 731 3107 901 3170; x_wconf 75' lang='lat' dir='ltr'><strong>confusam</strong></span> <span class='ocrx_word' id='word_1_273' title='bbox 918 3125 950 3158; x_wconf 79' lang='lat' dir='ltr'><strong>ec</strong></span> <span class='ocrx_word' id='word_1_274' title='bbox 968 3111 1065 3161; x_wconf 86' lang='lat' dir='ltr'><strong>recenti</strong></span> <span class='ocrx_word' id='word_1_275' title='bbox 1079 3127 1165 3164; x_wconf 76' lang='lat' dir='ltr'><strong>morsu</strong></span> <span class='ocrx_word' id='word_1_276' title='bbox 1181 3113 1267 3164; x_wconf 86' lang='lat' dir='ltr'><strong>animi.</strong></span> <span class='ocrx_word' id='word_1_277' title='bbox 1285 3142 1313 3151; x_wconf 91' lang='lat'><em>-</em></span> 
     </span>
     <span class='ocr_line' id='line_1_30' title="bbox 60 3170 1315 3239; baseline 0.01 -19"><span class='ocrx_word' id='word_1_278' title='bbox 60 3172 87 3231; x_wconf 88' lang='lat'><strong>7,</strong></span> <span class='ocrx_word' id='word_1_279' title='bbox 108 3171 148 3234; x_wconf 75' lang='grc'><strong>31,</strong></span> <span class='ocrx_word' id='word_1_280' title='bbox 170 3170 210 3222; x_wconf 78' lang='lat' dir='ltr'><strong>nl.</strong></span> <span class='ocrx_word' id='word_1_281' title='bbox 229 3171 253 3221; x_wconf 79' lang='lat' dir='ltr'><em>A</em></span> <span class='ocrx_word' id='word_1_282' title='bbox 259 3173 323 3239; x_wconf 85' lang='lat' dir='ltr'><strong>pud</strong></span> <span class='ocrx_word' id='word_1_283' title='bbox 340 3173 445 3222; x_wconf 80' lang='lat' dir='ltr'><strong>alium</strong></span> <span class='ocrx_word' id='word_1_284' title='bbox 463 3189 567 3238; x_wconf 82' lang='lat' dir='ltr'><strong>quam.</strong></span> <span class='ocrx_word' id='word_1_285' title='bbox 600 3176 628 3222; x_wconf 91' lang='lat' dir='ltr'><strong>ln</strong></span> <span class='ocrx_word' id='word_1_286' title='bbox 644 3175 777 3236; x_wconf 80' lang='lat' dir='ltr'><strong>positiven</strong></span> <span class='ocrx_word' id='word_1_287' title='bbox 791 3177 885 3226; x_wconf 79' lang='lat' dir='ltr'><strong>Sttzan</strong></span> <span class='ocrx_word' id='word_1_288' title='bbox 902 3179 976 3228; x_wconf 89' lang='lat' dir='ltr'><strong>nicht</strong></span> <span class='ocrx_word' id='word_1_289' title='bbox 994 3181 1154 3232; x_wconf 84' lang='lat' dir='ltr'><strong>lrtassisebar</strong></span> <span class='ocrx_word' id='word_1_290' title='bbox 1168 3183 1315 3233; x_wconf 87' lang='lat' dir='ltr'><strong>Gabrauob.</strong></span> 
     </span>
     <span class='ocr_line' id='line_1_31' title="bbox 62 3238 1315 3313; baseline 0.011 -26"><span class='ocrx_word' id='word_1_291' title='bbox 62 3268 93 3276; x_wconf 38' lang='grc' dir='ltr'><strong>μ</strong></span> <span class='ocrx_word' id='word_1_292' title='bbox 114 3239 138 3297; x_wconf 88' lang='lat'><strong>7,</strong></span> <span class='ocrx_word' id='word_1_293' title='bbox 158 3238 201 3299; x_wconf 88' lang='grc'><strong>31,</strong></span> <span class='ocrx_word' id='word_1_294' title='bbox 223 3239 262 3289; x_wconf 71' lang='grc'><strong>9-5.</strong></span> <span class='ocrx_word' id='word_1_295' title='bbox 281 3241 296 3267; x_wconf 75' lang='lat'><strong>⁴*</strong></span> <span class='ocrx_word' id='word_1_296' title='bbox 318 3257 411 3305; x_wconf 83' lang='lat' dir='ltr'><strong>quam</strong></span> <span class='ocrx_word' id='word_1_297' title='bbox 434 3248 558 3306; x_wconf 87' lang='lat' dir='ltr'><strong>potest.</strong></span> <span class='ocrx_word' id='word_1_298' title='bbox 589 3241 613 3288; x_wconf 83' lang='lat' dir='ltr'><strong>l&#39;.</strong></span> <span class='ocrx_word' id='word_1_299' title='bbox 639 3242 707 3290; x_wconf 80' lang='lat' dir='ltr'><strong>nach</strong></span> <span class='ocrx_word' id='word_1_300' title='bbox 735 3243 822 3304; x_wconf 87' lang='lat' dir='ltr'><strong>Conj.:</strong></span> <span class='ocrx_word' id='word_1_301' title='bbox 851 3260 926 3308; x_wconf 85' lang='lat' dir='ltr'><strong>quam</strong></span> <span class='ocrx_word' id='word_1_302' title='bbox 954 3240 1046 3311; x_wconf 76' lang='lat' dir='ltr'><strong>poleit.</strong></span> <span class='ocrx_word' id='word_1_303' title='bbox 1081 3249 1106 3298; x_wconf 87' lang='lat' dir='ltr'><strong>Z.</strong></span> <span class='ocrx_word' id='word_1_304' title='bbox 1133 3251 1201 3300; x_wconf 85' lang='lat' dir='ltr'><strong>noch</strong></span> <span class='ocrx_word' id='word_1_305' title='bbox 1228 3252 1315 3313; x_wconf 66' lang='lat' dir='ltr'><strong>iloni:</strong></span> 
     </span>
     <span class='ocr_line' id='line_1_32' title="bbox 61 3307 1314 3377; baseline 0.008 -22"><span class='ocrx_word' id='word_1_306' title='bbox 61 3307 170 3373; x_wconf 81' lang='lat' dir='ltr'><strong>quietius</strong></span> <span class='ocrx_word' id='word_1_307' title='bbox 189 3322 265 3372; x_wconf 82' lang='lat' dir='ltr'><strong>quam</strong></span> <span class='ocrx_word' id='word_1_308' title='bbox 279 3315 371 3374; x_wconf 79' lang='lat' dir='ltr'><strong>potest.</strong></span> <span class='ocrx_word' id='word_1_309' title='bbox 403 3308 452 3357; x_wconf 88' lang='lat' dir='ltr'><strong>Die</strong></span> <span class='ocrx_word' id='word_1_310' title='bbox 472 3309 568 3362; x_wconf 72' lang='lat' dir='ltr'><strong>codd:</strong></span> <span class='ocrx_word' id='word_1_311' title='bbox 597 3307 641 3373; x_wconf 86' lang='lat' dir='ltr'><strong>qui</strong></span> <span class='ocrx_word' id='word_1_312' title='bbox 660 3308 760 3374; x_wconf 83' lang='lat' dir='ltr'><strong>saepias</strong></span> <span class='ocrx_word' id='word_1_313' title='bbox 783 3326 859 3374; x_wconf 82' lang='lat' dir='ltr'><strong>quain</strong></span> <span class='ocrx_word' id='word_1_314' title='bbox 880 3319 971 3377; x_wconf 80' lang='lat' dir='ltr'><strong>potest.</strong></span> <span class='ocrx_word' id='word_1_315' title='bbox 1013 3315 1152 3365; x_wconf 84' lang='lat' dir='ltr'><strong>vielteiobt</strong></span> <span class='ocrx_word' id='word_1_316' title='bbox 1174 3318 1245 3368; x_wconf 88' lang='lat' dir='ltr'><strong>bless</strong></span> <span class='ocrx_word' id='word_1_317' title='bbox 1272 3330 1314 3366; x_wconf 87' lang='lat' dir='ltr'><strong>cs:</strong></span> 
     </span>
     <span class='ocr_line' id='line_1_33' title="bbox 59 3373 1316 3448; baseline 0.01 -27"><span class='ocrx_word' id='word_1_318' title='bbox 59 3374 149 3441; x_wconf 80' lang='lat' dir='ltr'><strong>quod</strong></span> <span class='ocrx_word' id='word_1_319' title='bbox 163 3375 299 3440; x_wconf 82' lang='lat' dir='ltr'><strong>saepius</strong></span> <span class='ocrx_word' id='word_1_320' title='bbox 318 3375 383 3422; x_wconf 89' lang='lat' dir='ltr'><strong>iam</strong></span> <span class='ocrx_word' id='word_1_321' title='bbox 401 3373 588 3440; x_wconf 85' lang='lat' dir='ltr'><strong>oportebat.</strong></span> <span class='ocrx_word' id='word_1_322' title='bbox 609 3376 657 3424; x_wconf 86' lang='lat' dir='ltr'><strong>Die</strong></span> <span class='ocrx_word' id='word_1_323' title='bbox 668 3375 861 3440; x_wconf 79' lang='lat' dir='ltr'><strong>Ahlrilrzungen</strong></span> <span class='ocrx_word' id='word_1_324' title='bbox 875 3393 928 3430; x_wconf 87' lang='lat' dir='ltr'><strong>von</strong></span> <span class='ocrx_word' id='word_1_325' title='bbox 941 3380 984 3446; x_wconf 82' lang='lat' dir='ltr'><strong>qui</strong></span> <span class='ocrx_word' id='word_1_326' title='bbox 1002 3382 1056 3430; x_wconf 88' lang='lat' dir='ltr'><strong>und</strong></span> <span class='ocrx_word' id='word_1_327' title='bbox 1074 3380 1148 3446; x_wconf 85' lang='lat' dir='ltr'><strong>quod,</strong></span> <span class='ocrx_word' id='word_1_328' title='bbox 1168 3399 1244 3448; x_wconf 79' lang='lat' dir='ltr'><strong>quam</strong></span> <span class='ocrx_word' id='word_1_329' title='bbox 1260 3383 1316 3433; x_wconf 88' lang='lat' dir='ltr'><strong>und</strong></span> 
     </span>
     <span class='ocr_line' id='line_1_34' title="bbox 57 3440 1313 3515; baseline 0.008 -26"><span class='ocrx_word' id='word_1_330' title='bbox 57 3444 119 3503; x_wconf 74' lang='lat' dir='ltr'><strong>iam,</strong></span> <span class='ocrx_word' id='word_1_331' title='bbox 136 3448 223 3506; x_wconf 81' lang='lat' dir='ltr'><strong>potest</strong></span> <span class='ocrx_word' id='word_1_332' title='bbox 239 3443 293 3490; x_wconf 89' lang='lat' dir='ltr'><strong>und</strong></span> <span class='ocrx_word' id='word_1_333' title='bbox 319 3440 452 3507; x_wconf 84' lang='lat' dir='ltr'><strong>oportebat</strong></span> <span class='ocrx_word' id='word_1_334' title='bbox 473 3443 578 3492; x_wconf 81' lang='lat' dir='ltr'><strong>konnen</strong></span> <span class='ocrx_word' id='word_1_335' title='bbox 604 3443 683 3492; x_wconf 87' lang='lat' dir='ltr'><strong>letebt</strong></span> <span class='ocrx_word' id='word_1_336' title='bbox 704 3446 860 3494; x_wconf 77' lang='lat' dir='ltr'><strong>nertarrseht</strong></span> <span class='ocrx_word' id='word_1_337' title='bbox 878 3449 994 3497; x_wconf 86' lang='lat' dir='ltr'><strong>werden.</strong></span> <span class='ocrx_word' id='word_1_338' title='bbox 1014 3474 1044 3485; x_wconf 92' lang='lat'>-</span> <span class='ocrx_word' id='word_1_339' title='bbox 1071 3448 1139 3515; x_wconf 78' lang='lat' dir='ltr'><strong>ipsi</strong></span> <span class='ocrx_word' id='word_1_340' title='bbox 1162 3450 1249 3500; x_wconf 74' lang='lat' dir='ltr'><strong>mill.</strong></span> <span class='ocrx_word' id='word_1_341' title='bbox 1275 3451 1313 3500; x_wconf 72' lang='lat' dir='ltr'><strong>R:</strong></span> 
     </span>
     <span class='ocr_line' id='line_1_35' title="bbox 57 3508 1315 3580; baseline 0.009 -24"><span class='ocrx_word' id='word_1_342' title='bbox 57 3511 112 3574; x_wconf 77' lang='lat' dir='ltr'><strong>ipse</strong></span> <span class='ocrx_word' id='word_1_343' title='bbox 127 3508 195 3557; x_wconf 78' lang='lat' dir='ltr'><strong>nili.</strong></span> <span class='ocrx_word' id='word_1_344' title='bbox 218 3535 245 3543; x_wconf 93' lang='lat'>—</span> <span class='ocrx_word' id='word_1_345' title='bbox 266 3509 364 3556; x_wconf 77' lang='lat' dir='ltr'><strong>eatis.</strong></span> <span class='ocrx_word' id='word_1_346' title='bbox 393 3510 431 3557; x_wconf 66' lang='lat' dir='ltr'><strong>R:</strong></span> <span class='ocrx_word' id='word_1_347' title='bbox 451 3525 483 3556; x_wconf 71' lang='lat' dir='ltr'><strong>ea</strong></span> <span class='ocrx_word' id='word_1_348' title='bbox 504 3509 577 3556; x_wconf 73' lang='lat' dir='ltr'><strong>eatis.</strong></span> <span class='ocrx_word' id='word_1_349' title='bbox 611 3510 658 3558; x_wconf 87' lang='lat' dir='ltr'><strong>Die</strong></span> <span class='ocrx_word' id='word_1_350' title='bbox 676 3517 737 3557; x_wconf 70' lang='lat' dir='ltr'><strong>exta</strong></span> <span class='ocrx_word' id='word_1_351' title='bbox 754 3525 845 3561; x_wconf 88' lang='lat' dir='ltr'><strong>waren</strong></span> <span class='ocrx_word' id='word_1_352' title='bbox 866 3514 940 3564; x_wconf 88' lang='lat' dir='ltr'><strong>nicht</strong></span> <span class='ocrx_word' id='word_1_353' title='bbox 966 3515 1040 3566; x_wconf 88' lang='lat' dir='ltr'><strong>bloss</strong></span> <span class='ocrx_word' id='word_1_354' title='bbox 1059 3515 1103 3566; x_wconf 87' lang='lat' dir='ltr'><strong>die</strong></span> <span class='ocrx_word' id='word_1_355' title='bbox 1121 3519 1219 3580; x_wconf 77' lang='lat' dir='ltr'><strong>Qualia,</strong></span> <span class='ocrx_word' id='word_1_356' title='bbox 1245 3531 1315 3568; x_wconf 84' lang='lat' dir='ltr'><strong>son-</strong></span> 
     </span>
     <span class='ocr_line' id='line_1_36' title="bbox 57 3575 1273 3628; baseline 0.002 -2"><span class='ocrx_word' id='word_1_357' title='bbox 57 3579 125 3626; x_wconf 87' lang='lat' dir='ltr'><strong>dern</strong></span> <span class='ocrx_word' id='word_1_358' title='bbox 145 3577 213 3627; x_wconf 87' lang='lat' dir='ltr'><strong>auch</strong></span> <span class='ocrx_word' id='word_1_359' title='bbox 232 3575 280 3625; x_wconf 88' lang='lat' dir='ltr'><strong>das</strong></span> <span class='ocrx_word' id='word_1_360' title='bbox 297 3577 379 3628; x_wconf 81' lang='lat' dir='ltr'><strong>uitur</strong></span> <span class='ocrx_word' id='word_1_361' title='bbox 403 3576 451 3627; x_wconf 85' lang='lat' dir='ltr'><strong>der</strong></span> <span class='ocrx_word' id='word_1_362' title='bbox 468 3576 648 3627; x_wconf 73' lang='lat' dir='ltr'><strong>Erbenntniss.</strong></span> <span class='ocrx_word' id='word_1_363' title='bbox 1270 3610 1273 3615; x_wconf 93' lang='lat'>-</span> 
     </span>
    </p>
   </div>
   <div class='ocr_carea' id='block_1_5' title="bbox 55 3664 1313 3895">
    <p class='ocr_par' dir='ltr' id='par_1_5' title="bbox 55 3664 1313 3895">
     <span class='ocr_line' id='line_1_37' title="bbox 125 3664 1313 3764; baseline 0.008 -26"><span class='ocrx_word' id='word_1_364' title='bbox 125 3688 149 3749; x_wconf 88' lang='lat'><strong>7,</strong></span> <span class='ocrx_word' id='word_1_365' title='bbox 168 3687 209 3750; x_wconf 86' lang='lat'><strong>31,</strong></span> <span class='ocrx_word' id='word_1_366' title='bbox 228 3685 269 3737; x_wconf 69' lang='lat'><strong>26.</strong></span> <span class='ocrx_word' id='word_1_367' title='bbox 310 3689 357 3740; x_wconf 87' lang='lat' dir='ltr'><strong>llle</strong></span> <span class='ocrx_word' id='word_1_368' title='bbox 376 3664 432 3740; x_wconf 77' lang='lat' dir='ltr'><strong>ars</strong></span> <span class='ocrx_word' id='word_1_369' title='bbox 451 3705 520 3739; x_wconf 85' lang='lat' dir='ltr'><strong>mea</strong></span> <span class='ocrx_word' id='word_1_370' title='bbox 540 3707 562 3756; x_wconf 88' lang='lat' dir='ltr'><strong>q.</strong></span> <span class='ocrx_word' id='word_1_371' title='bbox 586 3688 606 3738; x_wconf 81' lang='lat' dir='ltr'><strong>l.</strong></span> <span class='ocrx_word' id='word_1_372' title='bbox 623 3688 809 3756; x_wconf 86' lang='lat' dir='ltr'><strong>perturbat.</strong></span> <span class='ocrx_word' id='word_1_373' title='bbox 837 3693 875 3741; x_wconf 69' lang='lat' dir='ltr'><strong>R:</strong></span> <span class='ocrx_word' id='word_1_374' title='bbox 903 3709 960 3743; x_wconf 75' lang='lat' dir='ltr'><strong>ntea</strong></span> <span class='ocrx_word' id='word_1_375' title='bbox 978 3711 1022 3744; x_wconf 87' lang='lat' dir='ltr'><strong>ars</strong></span> <span class='ocrx_word' id='word_1_376' title='bbox 1039 3711 1061 3763; x_wconf 83' lang='lat' dir='ltr'><strong>q.</strong></span> <span class='ocrx_word' id='word_1_377' title='bbox 1084 3692 1313 3764; x_wconf 61' lang='lat' dir='ltr'><strong>insperserunt.</strong></span> 
     </span>
     <span class='ocr_line' id='line_1_38' title="bbox 58 3753 1313 3824; baseline 0.006 -18"><span class='ocrx_word' id='word_1_378' title='bbox 58 3761 108 3808; x_wconf 81' lang='lat' dir='ltr'><strong>We</strong></span> <span class='ocrx_word' id='word_1_379' title='bbox 128 3771 161 3808; x_wconf 91' lang='lat' dir='ltr'><strong>en</strong></span> <span class='ocrx_word' id='word_1_380' title='bbox 182 3756 261 3821; x_wconf 78' lang='lat' dir='ltr'><strong>napis</strong></span> <span class='ocrx_word' id='word_1_381' title='bbox 282 3771 302 3807; x_wconf 68' lang='lat' dir='ltr'><strong>s,</strong></span> <span class='ocrx_word' id='word_1_382' title='bbox 321 3773 352 3807; x_wconf 89' lang='lat' dir='ltr'><strong>zu</strong></span> <span class='ocrx_word' id='word_1_383' title='bbox 372 3756 398 3817; x_wconf 78' lang='lat'><strong>1,</strong></span> <span class='ocrx_word' id='word_1_384' title='bbox 416 3754 456 3817; x_wconf 77' lang='lat' dir='ltr'><strong>lt,</strong></span> <span class='ocrx_word' id='word_1_385' title='bbox 474 3753 514 3807; x_wconf 78' lang='lat' dir='ltr'><strong>st.</strong></span> <span class='ocrx_word' id='word_1_386' title='bbox 535 3783 562 3793; x_wconf 88' lang='lat'><em>-</em></span> <span class='ocrx_word' id='word_1_387' title='bbox 585 3757 610 3817; x_wconf 85' lang='lat'><strong>7,</strong></span> <span class='ocrx_word' id='word_1_388' title='bbox 631 3756 672 3818; x_wconf 85' lang='lat'><strong>31,</strong></span> <span class='ocrx_word' id='word_1_389' title='bbox 692 3754 734 3806; x_wconf 78' lang='lat' dir='ltr'><strong>at.</strong></span> <span class='ocrx_word' id='word_1_390' title='bbox 764 3757 834 3807; x_wconf 84' lang='lat' dir='ltr'><strong>Non</strong></span> <span class='ocrx_word' id='word_1_391' title='bbox 853 3761 933 3812; x_wconf 82' lang='lat' dir='ltr'><strong>stand</strong></span> <span class='ocrx_word' id='word_1_392' title='bbox 950 3761 994 3813; x_wconf 87' lang='lat' dir='ltr'><strong>bei</strong></span> <span class='ocrx_word' id='word_1_393' title='bbox 1015 3763 1042 3811; x_wconf 82' lang='lat' dir='ltr'><strong>F.</strong></span> <span class='ocrx_word' id='word_1_394' title='bbox 1059 3764 1148 3814; x_wconf 84' lang='lat' dir='ltr'><strong>biotar</strong></span> <span class='ocrx_word' id='word_1_395' title='bbox 1165 3780 1204 3816; x_wconf 85' lang='lat' dir='ltr'><strong>ne.</strong></span> <span class='ocrx_word' id='word_1_396' title='bbox 1231 3792 1259 3801; x_wconf 96' lang='lat'>-</span> <span class='ocrx_word' id='word_1_397' title='bbox 1286 3762 1313 3824; x_wconf 89' lang='grc'><strong>7,</strong></span> 
     </span>
     <span class='ocr_line' id='line_1_39' title="bbox 55 3822 1313 3895; baseline 0.007 -20"><span class='ocrx_word' id='word_1_398' title='bbox 55 3825 97 3888; x_wconf 85' lang='grc'><strong>31,</strong></span> <span class='ocrx_word' id='word_1_399' title='bbox 145 3864 149 3874; x_wconf 96' lang='grc'>.</span> <span class='ocrx_word' id='word_1_400' title='bbox 170 3822 222 3873; x_wconf 79' lang='lat' dir='ltr'><strong>Ad</strong></span> <span class='ocrx_word' id='word_1_401' title='bbox 237 3822 313 3874; x_wconf 88' lang='lat' dir='ltr'><strong>alia.</strong></span> <span class='ocrx_word' id='word_1_402' title='bbox 335 3824 575 3877; x_wconf 85' lang='lat' dir='ltr'><strong>Wabrsobcinlicb:</strong></span> <span class='ocrx_word' id='word_1_403' title='bbox 596 3824 723 3873; x_wconf 87' lang='lat' dir='ltr'><strong>aditum</strong></span> <span class='ocrx_word' id='word_1_404' title='bbox 742 3823 846 3874; x_wconf 85' lang='lat' dir='ltr'><strong>aliurn</strong></span> <span class='ocrx_word' id='word_1_405' title='bbox 861 3825 911 3876; x_wconf 78' lang='lat' dir='ltr'><strong>sili</strong></span> <span class='ocrx_word' id='word_1_406' title='bbox 928 3827 1084 3895; x_wconf 74' lang='lat' dir='ltr'><strong>adglorians</strong></span> <span class='ocrx_word' id='word_1_407' title='bbox 1096 3830 1232 3881; x_wconf 83' lang='lat' dir='ltr'><strong>concedere</strong></span> <span class='ocrx_word' id='word_1_408' title='bbox 1247 3830 1313 3883; x_wconf 82' lang='lat' dir='ltr'><strong>deos.</strong></span> 
     </span>
    </p>
   </div>
   <div class='ocr_carea' id='block_1_6' title="bbox 55 3932 1314 4126">
    <p class='ocr_par' dir='ltr' id='par_1_6' title="bbox 55 3932 1314 4126">
     <span class='ocr_line' id='line_1_40' title="bbox 124 3932 1314 4011; baseline 0.011 -29"><span class='ocrx_word' id='word_1_409' title='bbox 124 3933 147 3995; x_wconf 87' lang='lat'><strong>7,</strong></span> <span class='ocrx_word' id='word_1_410' title='bbox 167 3933 209 3995; x_wconf 83' lang='lat'><strong>31,</strong></span> <span class='ocrx_word' id='word_1_411' title='bbox 226 3932 266 3983; x_wconf 67' lang='lat'><strong>29.</strong></span> <span class='ocrx_word' id='word_1_412' title='bbox 285 3935 427 4001; x_wconf 72' lang='lat' dir='ltr'><strong>Egregie</strong></span> <span class='ocrx_word' id='word_1_413' title='bbox 451 3934 591 3984; x_wconf 84' lang='lat' dir='ltr'><strong>litatum</strong></span> <span class='ocrx_word' id='word_1_414' title='bbox 618 3953 696 3998; x_wconf 81' lang='lat' dir='ltr'><strong>esse,</strong></span> <span class='ocrx_word' id='word_1_415' title='bbox 722 3939 774 3988; x_wconf 88' lang='lat' dir='ltr'><strong>wie</strong></span> <span class='ocrx_word' id='word_1_416' title='bbox 791 3939 844 3988; x_wconf 81' lang='lat' dir='ltr'><strong>Liv.</strong></span> <span class='ocrx_word' id='word_1_417' title='bbox 872 3937 900 4000; x_wconf 83' lang='grc'><strong>8,</strong></span> <span class='ocrx_word' id='word_1_418' title='bbox 918 3940 941 4002; x_wconf 87' lang='grc'><strong>9,</strong></span> <span class='ocrx_word' id='word_1_419' title='bbox 962 3939 993 3991; x_wconf 87' lang='lat'><strong>1:</strong></span> <span class='ocrx_word' id='word_1_420' title='bbox 1015 3943 1129 3993; x_wconf 79' lang='lat' dir='ltr'><strong>consules</strong></span> <span class='ocrx_word' id='word_1_421' title='bbox 1147 3945 1219 4011; x_wconf 79' lang='lat' dir='ltr'><strong>prius</strong></span> <span class='ocrx_word' id='word_1_422' title='bbox 1237 3959 1314 4010; x_wconf 71' lang='lat' dir='ltr'><strong>palm</strong></span> 
     </span>
     <span class='ocr_line' id='line_1_41' title="bbox 55 4001 1314 4126; baseline 0.01 -77"><span class='ocrx_word' id='word_1_423' title='bbox 55 4002 191 4054; x_wconf 81' lang='lat' dir='ltr'><strong>educerent</strong></span> <span class='ocrx_word' id='word_1_424' title='bbox 209 4002 237 4050; x_wconf 87' lang='lat' dir='ltr'><strong>in</strong></span> <span class='ocrx_word' id='word_1_425' title='bbox 257 4003 339 4051; x_wconf 79' lang='lat' dir='ltr'><strong>aciem</strong></span> <span class='ocrx_word' id='word_1_426' title='bbox 357 4001 559 4054; x_wconf 81' lang='lat' dir='ltr'><strong>immolauerunt.</strong></span> <span class='ocrx_word' id='word_1_427' title='bbox 594 4002 672 4052; x_wconf 82' lang='lat' dir='ltr'><strong>Decio</strong></span> <span class='ocrx_word' id='word_1_428' title='bbox 689 4011 768 4070; x_wconf 82' lang='lat' dir='ltr'><strong>caput</strong></span> <span class='ocrx_word' id='word_1_429' title='bbox 785 4005 907 4056; x_wconf 82' lang='lat' dir='ltr'><strong>iocinoris</strong></span> <span class='ocrx_word' id='word_1_430' title='bbox 929 4023 946 4057; x_wconf 85' lang='lat' dir='ltr'><strong>a</strong></span> <span class='ocrx_word' id='word_1_431' title='bbox 968 4009 1097 4072; x_wconf 70' lang='lat' dir='ltr'><strong>familiari</strong></span> <span class='ocrx_word' id='word_1_432' title='bbox 1110 4018 1188 4126; x_wconf 77' lang='lat' dir='ltr'><strong>parte</strong></span> <span class='ocrx_word' id='word_1_433' title='bbox 1213 4027 1314 4061; x_wconf 72' lang='lat' dir='ltr'><strong>emm</strong></span> 
     </span>
    </p>
   </div>
   <div class='ocr_carea' id='block_1_7' title="bbox 51 4068 1373 4337">
    <p class='ocr_par' dir='ltr' id='par_1_7' title="bbox 51 4068 1373 4337">
     <span class='ocr_line' id='line_1_42' title="bbox 55 4068 1312 4145; baseline 0.009 -28"><span class='ocrx_word' id='word_1_434' title='bbox 55 4085 167 4134; x_wconf 70' lang='lat' dir='ltr'><strong>aruspex</strong></span> <span class='ocrx_word' id='word_1_435' title='bbox 192 4069 287 4118; x_wconf 85' lang='lat' dir='ltr'><strong>dieitur</strong></span> <span class='ocrx_word' id='word_1_436' title='bbox 307 4071 458 4130; x_wconf 76' lang='lat' dir='ltr'><strong>ostendisse5</strong></span> <span class='ocrx_word' id='word_1_437' title='bbox 482 4068 580 4134; x_wconf 83' lang='lat' dir='ltr'><strong>alioqui</strong></span> <span class='ocrx_word' id='word_1_438' title='bbox 598 4087 646 4121; x_wconf 86' lang='lat' dir='ltr'><strong>acc</strong></span> <span class='ocrx_word' id='word_1_439' title='bbox 678 4078 731 4121; x_wconf 83' lang='lat' dir='ltr'><strong>tarn</strong></span> <span class='ocrx_word' id='word_1_440' title='bbox 747 4071 923 4127; x_wconf 69' lang='lat' dir='ltr'><strong>diialasliarn</strong></span> <span class='ocrx_word' id='word_1_441' title='bbox 941 4091 1007 4138; x_wconf 67' lang='grc' dir='ltr'><strong>ωας</strong></span> <span class='ocrx_word' id='word_1_442' title='bbox 1033 4076 1109 4127; x_wconf 74' lang='lat' dir='ltr'><strong>blan</strong></span> <span class='ocrx_word' id='word_1_443' title='bbox 1129 4079 1193 4131; x_wconf 74' lang='lat' dir='ltr'><strong>ium</strong></span> <span class='ocrx_word' id='word_1_444' title='bbox 1220 4095 1312 4145; x_wconf 79' lang='lat' dir='ltr'><strong>epre-</strong></span> 
     </span>
     <span class='ocr_line' id='line_1_43' title="bbox 53 4135 1312 4207; baseline 0.011 -24"><span class='ocrx_word' id='word_1_445' title='bbox 53 4137 105 4200; x_wconf 79' lang='lat' dir='ltr'><strong>pte</strong></span> <span class='ocrx_word' id='word_1_446' title='bbox 124 4135 256 4190; x_wconf 78' lang='lat' dir='ltr'><strong>litasse.</strong></span> <span class='ocrx_word' id='word_1_447' title='bbox 291 4136 809 4202; x_wconf 77' lang='lat' dir='ltr'><strong>AebnltebCic.dedivin.‘,15,36:</strong></span> <span class='ocrx_word' id='word_1_448' title='bbox 853 4157 912 4191; x_wconf 81' lang='lat' dir='ltr'><strong>uuna</strong></span> <span class='ocrx_word' id='word_1_449' title='bbox 941 4143 1088 4195; x_wconf 71' lang='lat' dir='ltr'><strong>tristissima</strong></span> <span class='ocrx_word' id='word_1_450' title='bbox 1116 4146 1312 4207; x_wconf 66' lang='lat' dir='ltr'><strong>atonesca-</strong></span> 
     </span>
     <span class='ocr_line' id='line_1_44' title="bbox 51 4203 1373 4337; baseline 0.008 -85"><span class='ocrx_word' id='word_1_451' title='bbox 51 4203 347 4337; x_wconf 49' lang='lat' dir='ltr'><strong>giiicfiffli&#39;ffw</strong></span> <span class='ocrx_word' id='word_1_452' title='bbox 364 4204 431 4254; x_wconf 79' lang='lat' dir='ltr'><strong>nibil</strong></span> <span class='ocrx_word' id='word_1_453' title='bbox 444 4204 545 4255; x_wconf 79' lang='lat' dir='ltr'><strong>uidetur</strong></span> <span class='ocrx_word' id='word_1_454' title='bbox 564 4220 617 4255; x_wconf 82' lang='lat' dir='ltr'><strong>erre</strong></span> <span class='ocrx_word' id='word_1_455' title='bbox 636 4205 730 4257; x_wconf 63' lang='lat' dir='ltr'><strong>atius.-</strong></span> <span class='ocrx_word' id='word_1_456' title='bbox 745 4223 907 4274; x_wconf 76' lang='lat' dir='ltr'><strong>proearna</strong></span> <span class='ocrx_word' id='word_1_457' title='bbox 926 4207 1040 4263; x_wconf 68' lang='lat' dir='ltr'><strong>tortia</strong></span> <span class='ocrx_word' id='word_1_458' title='bbox 1059 4210 1191 4264; x_wconf 76' lang='lat' dir='ltr'><strong>litatur</strong></span> <span class='ocrx_word' id='word_1_459' title='bbox 1208 4229 1314 4280; x_wconf 79' lang='lat' dir='ltr'><strong>saepe</strong></span> <span class='ocrx_word' id='word_1_460' title='bbox 1367 4223 1373 4229; x_wconf 84' lang='lat'>&#39;</span> 
     </span>
    </p>
   </div>
   <div class='ocr_carea' id='block_1_8' title="bbox 50 4381 1311 4526">
    <p class='ocr_par' dir='ltr' id='par_1_8' title="bbox 50 4381 1311 4526">
     <span class='ocr_line' id='line_1_45' title="bbox 71 4381 1306 4463; baseline 0.011 -30"><span class='ocrx_word' id='word_1_461' title='bbox 71 4451 76 4460; x_wconf 26' lang='grc' dir='ltr'>ι</span> <span class='ocrx_word' id='word_1_462' title='bbox 120 4384 145 4444; x_wconf 84' lang='grc'><strong>7,</strong></span> <span class='ocrx_word' id='word_1_463' title='bbox 162 4381 204 4444; x_wconf 69' lang='lat'><strong>3⁸2,</strong></span> <span class='ocrx_word' id='word_1_464' title='bbox 221 4383 263 4434; x_wconf 85' lang='lat'><strong>30.</strong></span> <span class='ocrx_word' id='word_1_465' title='bbox 301 4384 453 4435; x_wconf 80' lang='lat' dir='ltr'><strong>Subinde.</strong></span> <span class='ocrx_word' id='word_1_466' title='bbox 472 4387 556 4450; x_wconf 69' lang='lat' dir='ltr'><strong>Vergl,</strong></span> <span class='ocrx_word' id='word_1_467' title='bbox 575 4383 600 4448; x_wconf 78' lang='lat'><strong>6,</strong></span> <span class='ocrx_word' id='word_1_468' title='bbox 618 4385 659 4447; x_wconf 68' lang='lat'><strong>37,</strong></span> <span class='ocrx_word' id='word_1_469' title='bbox 677 4385 726 4439; x_wconf 78' lang='lat'><strong>30:</strong></span> <span class='ocrx_word' id='word_1_470' title='bbox 745 4387 812 4437; x_wconf 79' lang='lat' dir='ltr'><strong>edito</strong></span> <span class='ocrx_word' id='word_1_471' title='bbox 827 4389 929 4455; x_wconf 75' lang='lat' dir='ltr'><strong>percita,</strong></span> <span class='ocrx_word' id='word_1_472' title='bbox 945 4391 1066 4460; x_wconf 75' lang='lat' dir='ltr'><strong>cultuque</strong></span> <span class='ocrx_word' id='word_1_473' title='bbox 1084 4411 1102 4445; x_wconf 83' lang='lat' dir='ltr'><strong>a</strong></span> <span class='ocrx_word' id='word_1_474' title='bbox 1118 4403 1252 4463; x_wconf 61' lang='lat' dir='ltr'><strong>conpectu</strong></span> <span class='ocrx_word' id='word_1_475' title='bbox 1266 4413 1306 4446; x_wconf 88' lang='lat' dir='ltr'><strong>re-</strong></span> 
     </span>
     <span class='ocr_line' id='line_1_46' title="bbox 50 4451 1311 4526; baseline 0.014 -29"><span class='ocrx_word' id='word_1_476' title='bbox 50 4467 90 4514; x_wconf 75' lang='lat' dir='ltr'><strong>pra</strong></span> <span class='ocrx_word' id='word_1_477' title='bbox 109 4467 208 4511; x_wconf 67' lang='lat' dir='ltr'><strong>annac,</strong></span> <span class='ocrx_word' id='word_1_478' title='bbox 229 4451 376 4502; x_wconf 78' lang='lat' dir='ltr'><strong>subinde</strong></span> <span class='ocrx_word' id='word_1_479' title='bbox 395 4452 523 4519; x_wconf 79' lang='lat' dir='ltr'><strong>collapsus</strong></span> <span class='ocrx_word' id='word_1_480' title='bbox 540 4455 592 4505; x_wconf 73' lang='lat' dir='ltr'><strong>esti</strong></span> <span class='ocrx_word' id='word_1_481' title='bbox 627 4455 706 4504; x_wconf 86' lang='lat' dir='ltr'><strong>uitur.</strong></span> <span class='ocrx_word' id='word_1_482' title='bbox 728 4482 757 4493; x_wconf 95' lang='lat'>-</span> <span class='ocrx_word' id='word_1_483' title='bbox 779 4455 1026 4526; x_wconf 79' lang='lat' dir='ltr'><strong>imposuerant,</strong></span> <span class='ocrx_word' id='word_1_484' title='bbox 1049 4464 1099 4514; x_wconf 86' lang='lat' dir='ltr'><strong>wie</strong></span> <span class='ocrx_word' id='word_1_485' title='bbox 1117 4465 1173 4514; x_wconf 83' lang='lat' dir='ltr'><strong>le.</strong></span> <span class='ocrx_word' id='word_1_486' title='bbox 1191 4460 1311 4526; x_wconf 47' lang='lat' dir='ltr'><strong>aaut:</strong></span> 
     </span>
    </p>
   </div>
   <div class='ocr_carea' id='block_1_9' title="bbox 50 4517 1310 4637">
    <p class='ocr_par' dir='ltr' id='par_1_9' title="bbox 50 4517 1310 4637">
     <span class='ocr_line' id='line_1_47' title="bbox 52 4517 1310 4598; baseline 0.015 -34"><span class='ocrx_word' id='word_1_487' title='bbox 52 4519 96 4582; x_wconf 80' lang='lat' dir='ltr'><strong>qai</strong></span> <span class='ocrx_word' id='word_1_488' title='bbox 114 4517 144 4596; x_wconf 77' lang='lat' dir='ltr'><strong>ab</strong></span> <span class='ocrx_word' id='word_1_489' title='bbox 162 4527 274 4585; x_wconf 85' lang='lat' dir='ltr'><strong>ereptum</strong></span> <span class='ocrx_word' id='word_1_490' title='bbox 294 4537 417 4570; x_wconf 76' lang='lat' dir='ltr'><strong>eemurae</strong></span> <span class='ocrx_word' id='word_1_491' title='bbox 434 4537 548 4588; x_wconf 75' lang='lat' dir='ltr'><strong>regnum,</strong></span> <span class='ocrx_word' id='word_1_492' title='bbox 566 4520 598 4571; x_wconf 93' lang='lat' dir='ltr'><strong>la</strong></span> <span class='ocrx_word' id='word_1_493' title='bbox 628 4539 672 4572; x_wconf 86' lang='lat' dir='ltr'><strong>em</strong></span> <span class='ocrx_word' id='word_1_494' title='bbox 688 4522 863 4574; x_wconf 80' lang='lat' dir='ltr'><strong>secundae</strong></span> <span class='ocrx_word' id='word_1_495' title='bbox 881 4524 1081 4580; x_wconf 86' lang='lat' dir='ltr'><strong>dictaturae</strong></span> <span class='ocrx_word' id='word_1_496' title='bbox 1099 4547 1180 4582; x_wconf 78' lang='lat' dir='ltr'><strong>snae</strong></span> <span class='ocrx_word' id='word_1_497' title='bbox 1202 4532 1310 4598; x_wconf 83' lang='lat' dir='ltr'><strong>irnpe-</strong></span> 
     </span>
     <span class='ocr_line' id='line_1_48' title="bbox 50 4593 192 4637; baseline 0.021 -5"><span class='ocrx_word' id='word_1_498' title='bbox 50 4593 192 4637; x_wconf 80' lang='lat' dir='ltr'><strong>suerent.</strong></span> 
     </span>
    </p>
   </div>
   <div class='ocr_carea' id='block_1_10' title="bbox 0 0 1414 4964">
    <p class='ocr_par' dir='ltr' id='par_1_10' title="bbox 0 0 1414 4964">
     <span class='ocr_line' id='line_1_49' title="bbox 0 0 1414 4964; baseline 0 1"><span class='ocrx_word' id='word_1_499' title='bbox 0 0 1414 4964; x_wconf 95' lang='lat' dir='ltr'><strong> </strong></span> 
     </span>
    </p>
   </div>
  </div>
 </body>
</html>
