2820 4964
86 162 151 227 ase
557 161 596 240 Q.
637 159 776 222 cunrn
797 157 894 221 nuri

88 329 278 410 dimissisque
307 349 375 391 cum
402 328 484 391 bona
506 349 570 410 spe,
595 329 713 412 navigia
742 323 931 394 exaedificari
956 321 1047 404 iubet,
1072 329 1114 402 ut,
1143 345 1239 406 quum
1264 330 1356 387 totam

90 427 193 489 Asiam
221 427 428 504 percurrisset,
460 429 549 487 finem
580 434 727 492 terrarum
760 448 842 489 mare
871 425 1020 488 inviseret.
1086 416 1213 484 4blulta·
1231 423 1357 483 materia

90 523 204 584 navalis
227 522 257 581 in
276 522 423 600 proximis
446 523 598 585 montibus
618 530 696 586 erat:
728 545 817 606 quam
841 523 968 585 caedere
987 520 1124 600 aggressi
1145 519 1357 598 magnitudinis

93 619 248 680 inusitatae
271 636 433 697 repperere
455 626 619 699 serpentes.
665 616 904 682 5Rhinocerotes
927 635 1057 698 quoque,
1079 635 1180 677 rarum
1202 615 1357 676 1111111111-

92 716 160 790 mal,
192 715 223 774 in
246 709 352 775 iisdem
375 717 525 778 montibus
547 725 640 778 erant.
683 718 826 780 Ceterum
846 719 906 777 boc
932 731 1042 775 nomeu
1071 711 1172 773 beluis
1192 711 1358 773 indituma

95 807 234 874 Graecis:
254 813 402 873 sermonis
423 812 488 873 eius
509 813 603 891 ignari
625 814 706 874 aliud
726 815 828 893 lingua
849 833 904 874 sua
925 813 1080 888 usurpant.
1120 802 1218 884 ⁶Rex,
1244 808 1357 870 duabus

95 906 219 968 urbibus
240 908 368 968 conditis
395 908 568 990 inutraque
589 911 728 988 fluminis
758 911 840 991 quod
861 910 1063 987 superaverat,
1094 905 1171 984 ripa,
1201 904 1357 984 copiarum

96 1003 189 1064 duces
213 1003 334 1063 coronis
359 1011 388 1064 et
414 1004 495 1065 mille
521 1005 620 1066 aureis
641 1005 777 1085 singulos
799 1007 903 1067 durrat:
935 1002 1044 1064 ceteris
1065 1020 1187 1082 quoque
1212 1020 1273 1079 pro
1291 1021 1357 1079 por-

96 1100 179 1160 tione
201 1106 253 1159 aut
273 1099 392 1176 gradus,
421 1121 509 1181 quem
537 1101 567 1160 in
588 1102 717 1162 amicitia
742 1101 925 1176 obtinebant,
955 1104 1006 1160 ant
1023 1104 1148 1159 navatae
1172 1116 1290 1176 operae
1309 1094 1358 1158 bo

96 1215 153 1255 nos
178 1195 296 1254 habitus
318 1201 370 1255 est.
418 1194 588 1274 ⁷Abisares,
608 1199 658 1278 qui
679 1197 773 1276 prius,
796 1216 885 1276 quam
905 1215 973 1255 eum
993 1195 1075 1255 Poro
1094 1193 1301 1269 dimicaretur,
1321 1193 1359 1254 le-

97 1297 183 1369 gatos
204 1291 242 1350 ad
263 1287 466 1352 Alexandrum
490 1293 620 1371 miserat,
642 1313 746 1356 rursus
770 1292 846 1353 alios
868 1291 956 1367 misit,
981 1290 1169 1370 pollicentes,
1195 1289 1302 1351 omnia
1322 1290 1361 1350 sa-

98 1395 226 1462 cturum,
249 1407 325 1468 quae
351 1388 534 1467 imperasset,
557 1391 649 1450 modo
671 1410 708 1449 ne
730 1394 890 1467 cogeretur
914 1405 1026 1465 corpus
1048 1406 1136 1447 suum
1157 1385 1288 1446 dedere:
1313 1405 1360 1447 ne

100 1504 158 1564 que
186 1484 264 1545 enim
285 1491 337 1544 aut
364 1485 430 1545 sine
448 1485 531 1565 regio
560 1485 688 1565 imperio
709 1485 857 1545 victurum
880 1490 932 1544 aut
956 1488 1151 1561 regnaturum
1178 1500 1250 1545 esse
1273 1485 1362 1562 eapti-

98 1600 177 1642 vum.
222 1575 304 1641 301ιὶ
324 1579 496 1643 Alexander
514 1582 643 1644 nuntiari
662 1581 758 1667 iussit,
775 1581 801 1643 si
819 1583 994 1660 gravaretur
1014 1578 1053 1639 ad
1072 1598 1105 1641 se
1125 1578 1245 1656 venire,
1266 1579 1361 1660 ipsum

99 1676 138 1735 ad
160 1697 228 1737 eum
250 1697 316 1738 esse
338 1684 505 1742 venturum.
1205 1732 1211 1743 ,

183 1775 217 1834 Η.
259 1774 346 1849 Hinc,
375 1776 455 1837 Poro
479 1795 624 1856 amneque
652 1779 804 1855 superato,
836 1772 875 1833 ad
903 1771 1047 1834 interiora
1073 1771 1175 1833 indiae
1202 1774 1361 1851 processit

102 1865 220 1930 ⁹Silvae
243 1878 327 1931 erant
348 1891 446 1949 prope
470 1871 501 1930 in
529 1872 706 1932 immensum
735 1870 866 1950 spatium
896 1869 1027 1945 diffusae,
1054 1867 1256 1949 procerisque
1281 1876 1312 1931 et
1335 1871 1361 1931 in

103 1965 240 2027 eximiam
262 1967 446 2028 altitudinem
468 1968 553 2029 editis
575 1967 734 2028 arboribus
758 1966 928 2027 umbrosae.
969 1958 997 2002 ¹⁰
1005 1963 1144 2044 Plerique
1175 1964 1254 2024 rami
1273 1966 1363 2026 instar

102 2062 265 2141 ingentium
293 2063 426 2142 stipitum
446 2065 515 2124 flexi
542 2064 572 2124 in
594 2065 725 2139 humum,
751 2081 865 2138 rursus,
897 2079 1009 2141 quase
1037 2066 1246 2137 curvaverant,
1272 2062 1364 2139 erige

103 2157 220 2235 bantur,
244 2160 320 2220 adeo
343 2167 376 2220 ut
396 2160 513 2239 species
535 2166 614 2222 esset
632 2179 694 2221 nou
714 2157 789 2220 rami
808 2158 999 2237 resurgentis,
1028 2156 1083 2218 sed
1107 2155 1228 2219 arboris
1251 2177 1290 2218 ex
1312 2178 1364 2220 sira

104 2253 205 2330 radice
227 2261 393 2332 generatae.
441 2251 462 2293 11
472 2255 560 2317 Coeli
580 2256 741 2335 temperies
762 2253 904 2325 salubris;
934 2252 1045 2333 quippe
1067 2256 1097 2313 et
1120 2252 1182 2314 vim
1203 2253 1283 2316 solis
1304 2276 1364 2317 um·

104 2347 176 2409 brae
194 2349 295 2410 levant
317 2357 346 2410 et
367 2371 461 2431 aquae
487 2352 587 2430 largae
607 2358 727 2413 manant
748 2371 764 2412 e
787 2349 929 2411 fontibus.
967 2343 1141 2409 ¹²Ceterum
1166 2348 1219 2410 bic
1246 2370 1364 2432 quoque

104 2447 288 2524 serpentium
308 2468 415 2527 magna
442 2447 487 2508 vis
511 2453 582 2522 erat,
612 2447 743 2527 squamis
770 2445 918 2524 fulgorem
946 2443 1012 2505 auri
1039 2444 1252 2507 reddentibus:
1285 2447 1365 2508 virus

105 2542 185 2603 haud
206 2543 300 2604 ullum
322 2543 416 2622 magis
434 2544 557 2604 noxium
580 2551 640 2615 est;
667 2543 778 2624 quippe
800 2560 933 2602 morsum
954 2560 1097 2619 praesens
1118 2560 1202 2603 mors
1220 2544 1366 2625 sequebar

106 2643 162 2713 tur,
192 2640 288 2701 donec
311 2642 348 2700 ab
379 2639 485 2699 incolis
507 2640 669 2701 remedium
689 2638 823 2700 oblatum
846 2643 899 2698 est.
941 2632 1048 2699 ¹³Hinc
1079 2638 1282 2717 perdeserta
1300 2660 1366 2701 ven-

107 2740 170 2794 tum
191 2741 237 2797 est
256 2739 294 2797 ad
314 2738 424 2799 flumen
444 2736 608 2814 llyarotim.
650 2737 787 2796 iunctum
816 2739 880 2794 erat
904 2733 1018 2795 flumini
1045 2752 1151 2795 nemus
1169 2754 1306 2814 opacum
1325 2758 1366 2798 ar·

106 2830 231 2894 boribus
260 2833 332 2896 alibi
365 2833 512 2898 inusitatis
542 2833 763 2917 agrestiumque
803 2850 954 2913 pavonum
986 2829 1175 2892 multitudine
1214 2833 1365 2916 frequens.

109 3031 157 3082 dos
176 3035 333 3087 Gedankens
352 3037 437 3086 setbst
454 3036 496 3092 ab,
520 3036 620 3085 welche
639 3034 810 3096 Wicbtigkeit
827 3046 856 3082 er
875 3033 917 3082 tur
936 3033 980 3082 die
1000 3031 1157 3094 Gestuttung
1182 3031 1234 3082 des
1252 3031 1366 3096 bespro-

109 3099 211 3150 ehenen
229 3103 424 3154 Verhaltnisses
447 3105 499 3152 hat.
535 3104 621 3166 Vergl.
641 3117 672 3150 zu
693 3098 717 3163 4,
739 3099 837 3162 40,11.
859 3127 887 3136 -
920 3098 1173 3161 exaedificari.
1204 3099 1249 3151 F.:
1278 3099 1366 3163 aedifi-

110 3167 174 3215 cari.
212 3170 295 3232 Vergl.
316 3185 348 3219 zu
370 3168 393 3232 4,
410 3169 451 3232 33,
469 3168 491 3219 9.
513 3198 541 3205 -
563 3169 805 3235 percurrisset.
831 3168 868 3216 F.:
885 3167 1080 3235 percurrisseat.

176 3254 285 3320 9,1,5.
320 3259 448 3308 liuram.
486 3261 509 3308 S.
536 3258 559 3321 8,
583 3257 624 3320 31,
653 3256 693 3308 16.
725 3287 753 3295 -
791 3256 908 3307 beluis.
939 3259 979 3307 F.:
1005 3254 1083 3305 beluis
1107 3256 1151 3308 eis.
1179 3284 1208 3294 -
1241 3254 1267 3322 9,
1296 3258 1321 3319 1,
1344 3255 1366 3307 b.

109 3321 243 3374 Duabus
261 3326 412 3375 urbibus.
440 3329 473 3376 Es
492 3328 552 3376 sind
572 3328 717 3386 dieselben,
738 3327 781 3376 die
801 3328 827 3376 C.
845 3323 868 3386 9,
886 3323 1157 3384 13,9311111Ν1111’1111
1176 3331 1272 3377 norint.
1302 3329 1362 3377 Itur·

108 3405 157 3442 nes
175 3393 267 3456 glaubt
287 3397 330 3445 die
349 3395 477 3444 Lokalitiit
495 3392 727 3458 wiedergeiunden
753 3409 785 3443 zu
805 3393 893 3444 buben
914 3395 941 3442 in
966 3393 1014 3443 der
1033 3392 1107 3442 Niibe
1132 3405 1185 3442 von
1202 3394 1367 3457 Oudeenng·

110 3472 166 3522 gur.
188 3489 219 3498 -
245 3463 491 3529 proportione.
526 3464 552 3511 S.
571 3465 624 3512 Liv.
643 3460 667 3524 7,
688 3462 711 3525 l,
732 3459 762 3513 8:
785 3475 922 3520 censorem,
942 3457 1049 3508 aedilem
1067 3457 1366 3520 1111111111,11·11111111-

109 3541 155 3574 mos
178 3527 259 3593 plebis
286 3537 398 3579 mortuos
424 3531 518 3593 seruat,
541 3547 600 3595 pro
622 3530 790 3596 portione
818 3534 842 3575 et
865 3544 897 3576 eu
914 3525 1075 3577 multitudiue
1096 3524 1151 3575 alia
1169 3525 1257 3576 multa
1281 3531 1367 3593 sumere

109 3594 193 3656 fuisse.
229 3597 267 3646 lb.
287 3595 328 3660 34,
350 3596 395 3658 50,
415 3597 445 3646 7:
470 3595 540 3646 mille
559 3598 678 3647 ducentos
699 3613 729 3647 eu
748 3596 850 3645 ratione
867 3594 971 3644 Arbeia
987 3593 1089 3643 babuit:
1113 3593 1198 3643 adiice
1221 3611 1295 3646 1111111
1315 3610 1367 3664 prr

48 3680 51 3685 ·
106 3663 284 3727 portione,
311 3673 371 3731 quot
390 3663 527 3713 uerisimile
543 3666 578 3714 sit
595 3673 675 3714 totam
696 3663 833 3713 Graeciam
850 3662 972 3712 babuisse.
990 3662 1114 3712 Aebnliob
1133 3665 1209 3726 sagte
1228 3678 1296 3714 men
1313 3677 1367 3730 pro

109 3737 190 3779 rata
206 3733 367 3797 porticae
388 3734 442 3783 und
457 3749 517 3799 pro
536 3741 614 3782 ruta
631 3739 743 3800 parte.
758 3759 789 3767 -
803 3730 970 3780 amicitia.
990 3730 1030 3779 F.:
1045 3728 1146 3780 militia.
1162 3731 1187 3778 S.
1198 3744 1232 3781 zu
1245 3728 1366 3795 5,99,19.

110 3825 139 3834 -
161 3796 187 3860 9,
208 3799 230 3864 1,
249 3799 272 3851 7.
313 3800 484 3851 Abisares.
506 3804 529 3851 S.
550 3799 574 3864 8,
595 3799 635 3863 43,
655 3799 693 3850 13.
713 3797 740 3859 8,
760 3796 803 3858 44,
827 3801 847 3848 1.
865 3796 891 3857 8,
910 3794 953 3858 47,
974 3795 998 3846 1.

178 3889 201 3954 9,
223 3889 249 3954 9,
269 3891 294 3944 8.
332 3893 419 3942 Poro
440 3909 610 3958 amneque.
638 3895 676 3942 Z.:
706 3890 772 3940 Pero
798 3905 877 3939 amne.
914 3888 1050 3951 DioVulg.
1070 3890 1160 3951 erregt
1178 3900 1256 3938 zwur
1275 3890 1368 3953 einiger

109 3959 258 4023 Bedenken,
284 3964 388 4012 streitet
412 3962 511 4022 jedoeh
530 3963 603 4010 nicht
622 3973 705 4023 gagen
734 3959 777 4007 dic
798 3957 953 4007 schreibart
978 3957 1026 4006 des
1049 3956 1271 4018 Schrittstelters;
1304 3958 1368 4007 deun

110 4027 309 4080 einahnliches
326 4030 430 4080 starkes
448 4031 563 4092 Zeugma
582 4029 665 4078 findet
682 4027 739 4077 sich
754 4023 778 4085 4,
795 4022 836 4087 38,
856 4021 904 4074 99ε
929 4023 969 4072 sic
987 4021 1187 4084 Granicum,
1213 4029 1253 4071 tot
1271 4022 1367 4073 militm

113 4097 224 4159 equitum
240 4097 402 4212 peditumque
425 4096 453 4144 ia
469 4094 592 4144 ulteriore
611 4093 736 4142 stantibus
752 4094 818 4158 ripa,
843 4090 1040 4158 superavit,
1067 4089 1106 4138 sie
1123 4090 1240 4156 1113111111
1258 4091 1289 4140 irs
1308 4089 1369 4140 Gili-

113 4163 169 4211 ciue
197 4163 303 4213 colibus
336 4171 461 4214 tautam
494 4161 757 4212 multitudinem
786 4159 938 4209 bostium.
976 4160 1025 4209 Die
1047 4160 1140 4209 Lesart
1167 4159 1218 4211 Z.'s
1252 4160 1369 4223 dagegen

112 4231 186 4293 giebt
200 4247 250 4284 uns
261 4234 339 4283 einen
354 4236 431 4284 sonst
448 4231 521 4282 nicht
539 4230 691 4280 bekannten
704 4229 787 4289 Fluss‚
804 4228 846 4278 1111·
864 4228 917 4279 den
934 4228 1012 4277 keine
1027 4225 1155 4277 Lokatitat
1167 4240 1203 4277 zu
1221 4225 1315 4278 finden
1332 4229 1370 4277 ist.

177 4320 200 4384 9,
218 4321 242 4384 9,
257 4321 280 4373 9.
315 4321 646 4384 Silvae-diffusae.
676 4320 702 4370 S.
720 4315 744 4379 4,
761 4316 802 4380 90,
822 4316 870 4368 90:
892 4315 1114 4367 coloniaeeius
1133 4331 1216 4383 paene
1236 4322 1293 4366 tota
1312 4314 1367 4366 1111

112 4389 272 4452 diffusae.
295 4418 323 4426 -
351 4388 377 4450 9,
395 4387 419 4451 9,
439 4387 478 4439 11.
506 4386 601 4437 Coeli
619 4386 805 4453 temperies.
828 4389 853 4436 S.
870 4400 903 4435 zu
921 4381 947 4446 4,
968 4382 1011 4445 31,
1034 4382 1073 4434 17.
1092 4410 1124 4422 -
1152 4381 1179 4443 9,
1199 4381 1226 4445 9,
1248 4383 1371 4436 tamar

112 4457 254 4508 deserta.
289 4460 341 4507 Der
354 4459 459 4508 Marsch
479 4458 552 4506 hatte
570 4457 628 4507 sich
645 4455 748 4506 sunrich
766 4455 913 4517 gewendet.
929 4480 957 4490 -
979 4451 1169 4517 Hyarotim.
1188 4452 1229 4502 R:
1249 4451 1370 4519 Hydrae-

113 4531 162 4573 teu.
202 4526 267 4575 tene
286 4527 364 4575 Form
383 4527 419 4574 ist
437 4536 612 4588 vorgezogen,
630 4524 690 4573 weit
711 4524 750 4573 sie
770 4523 819 4573 dar
837 4521 1132 4585 Sanskritbenennung:
1152 4520 1275 4572 Airaveti
1292 4521 1370 4572 11111111

115 4593 225 4643 1101111111.
262 4593 346 4643 tetzt:
363 4593 428 4641 Ravi
448 4591 514 4642 oder
531 4592 627 4656 Ravey.
