2820 4964
114 176 175 242 rsa
583 176 622 262 o.
643 178 784 243 eunru
806 179 902 243 auu

111 351 242 431 piuntur.
283 347 459 413 ¹³lnteriora
472 349 606 430 regionis
622 349 688 413 eius
708 350 787 412 haud
807 368 881 411 sane
902 349 980 412 adiri
1000 348 1065 411 sinc
1086 368 1192 431 magna
1214 353 1370 415 vexatione

110 449 260 511 exercitus
279 453 428 528 poterant.
471 447 543 527 luga
563 447 709 509 montium
731 445 882 525 praealtae
908 445 1001 507 silvae
1026 466 1177 528 rupesque
1202 448 1301 511 inviae
1329 470 1372 512 se-

110 546 212 625 piuut;
234 566 278 622 ea,
299 565 375 626 quae
388 544 479 624 plana
498 549 575 620 sunt,
599 562 681 605 novo
698 543 873 604 munimenti
893 560 1004 621 genere
1023 543 1224 623 impedierant
1243 546 1372 609 barbari

110 637 136 680 ¹⁴
146 642 280 704 Arbores
303 643 414 703 densae
434 645 504 701 sunt
522 640 561 701 de
583 639 729 701 industria
748 637 892 715 consitae,
914 658 1041 719 quarum
1063 646 1184 703 teneros
1205 642 1307 705 adhue
1326 664 1373 705 ra-

110 761 177 803 mos
197 760 287 801 mann
308 740 448 812 flectunt,
470 756 547 817 quos
567 736 696 797 intortos
720 754 827 797 rursus
849 735 984 797 inserunt
1003 740 1118 799 terrae:
1145 736 1216 800 inda
1234 739 1320 802 velut
1336 760 1372 801 ex

109 837 168 900 alia
189 835 290 898 radice
308 835 449 897 laetiores
468 832 566 895 virent
591 832 698 894 trunci.
738 828 848 909 ¹⁵}los,
876 852 937 912 qua
960 837 1066 894 natiue
1092 833 1165 911 fert,
1194 837 1371 899 adolescere

109 954 170 997 non
198 933 313 995 sinunt:
351 930 463 1011 quippe
494 929 585 991 alium
613 928 664 989 alii
688 927 775 1008 quasi
805 947 886 991 nexu
912 934 1091 1002 conserunt;
1124 932 1177 1011 qni
1203 934 1371 997 ubimulta

109 1031 218 1093 fronde
238 1026 336 1090 vestiti
356 1032 433 1102 sunt,
453 1026 595 1106 operiunt
615 1031 734 1087 terram.
775 1026 878 1107 ltaque
901 1025 1015 1087 occulti
1036 1044 1189 1090 ramorum
1215 1031 1303 1093 velut
1330 1031 1371 1093 la-

55 1168 58 1175 ·
108 1127 178 1208 quei
190 1130 337 1204 perpetua
354 1141 427 1202 sepe
448 1123 506 1184 iter
526 1121 660 1184 cludunt
698 1117 793 1183 ¹⁶Una
811 1122 888 1184 ratio
910 1129 975 1186 arat
995 1123 1150 1186 caedendo
1170 1128 1293 1206 aperire
1315 1129 1370 1190 sal-

108 1231 181 1297 tum,
201 1220 256 1282 sed
279 1221 337 1282 hoc
357 1238 480 1301 quoqne
505 1217 605 1298 magni
633 1217 744 1297 operis.
795 1217 904 1280 Crebri
928 1216 1056 1301 uanique
1083 1221 1157 1283 nodi
1189 1225 1371 1287 duraverant

108 1319 234 1399 stipites,
255 1317 335 1378 etin
351 1315 537 1395 seimplicati
557 1315 700 1377 arborum
722 1314 805 1391 rami,
828 1316 983 1395 suspensis
1003 1317 1125 1381 circulis
1145 1320 1268 1398 similes,
1287 1321 1369 1384 lento

107 1416 216 1478 vimine
228 1414 448 1476 frustrabantur
461 1412 549 1475 ictus.
588 1406 739 1474 1⁷Incolae
758 1421 865 1489 autern,
884 1413 944 1475 ritu
965 1414 1097 1476 serarum
1115 1416 1246 1497 virgulta
1264 1418 1369 1480 subire

108 1513 198 1590 soliti,
216 1520 280 1573 tum
292 1530 414 1592 quoqne
425 1510 607 1571 intraverant
615 1509 733 1586 saltum,
747 1509 934 1591 occultisque
947 1510 1015 1572 telis
1034 1512 1151 1575 hostem
1168 1514 1368 1578 lacessebant.

191 1609 289 1671 XVII.
323 1607 385 1684 llle,
405 1607 577 1669 venantium
597 1607 688 1669 modo
707 1605 832 1669 latibula
851 1598 1012 1683 scrutatus,
1029 1608 1193 1692 plerosque
1216 1613 1368 1674 confodit:

106 1709 146 1770 ad
158 1707 295 1769 ultimum
307 1704 466 1766 circumire
480 1703 590 1766 saltum
602 1704 711 1765 milites
723 1703 814 1780 iubet,
833 1710 875 1780 ut,
896 1705 922 1765 si
935 1725 995 1786 qua
1015 1712 1139 1786 pateret,
1158 1708 1368 1788 irrumperent.

107 1799 134 1843 ¹⁸
146 1803 209 1866 Sed
229 1802 338 1882 ignotis
361 1801 438 1863 locis
460 1799 597 1881 plerique
618 1801 816 1877 oberrabant,
836 1801 1015 1882 exceptique
1034 1809 1105 1864 sunt
1124 1803 1262 1886 quidam,
1291 1806 1368 1869 inter

107 1922 184 1984 quos
206 1919 302 1981 equus
324 1899 421 1978 regis:
447 1899 650 1978 Bucephalam
669 1897 832 1960 vocabant:
863 1917 954 1978 quem
974 1898 1147 1963 Alexander
1168 1920 1231 1963 non
1250 1903 1368 1979 eodem,

107 2019 169 2080 quo
190 2002 305 2058 ceteras
328 1995 471 2075 pecudes
496 1995 595 2056 animo
618 1993 801 2055 aestimabat.
845 1993 983 2074 Namque
1005 1995 1057 2057 ille
1077 2016 1135 2058 nec
1156 1998 1188 2058 in
1207 1999 1305 2061 dorso
1325 2001 1368 2061 in-

107 2095 204 2156 sidere
226 2112 282 2154 suo
302 2091 472 2171 patiebatur
499 2091 592 2152 alium
619 2097 649 2153 et
677 2111 790 2172 regem,
820 2110 913 2171 quum
932 2091 1023 2152 vellet
1049 2094 1232 2172 ascendere,
1257 2105 1367 2177 sponte

107 2212 204 2271 genua
238 2187 425 2250 summittens
462 2188 644 2268 excipiebat,
673 2187 910 2268 credebaturque
946 2187 1072 2268 sentire,
1110 2211 1199 2273 quem
1234 2196 1367 2260 veheret.

106 2283 259 2350 ¹⁹Maiore
281 2304 371 2364 ergo,
398 2305 488 2366 quam
510 2287 651 2362 decebat,
680 2285 725 2348 ira
744 2283 889 2346 simulac
908 2284 1016 2348 dolore
1042 2287 1231 2367 stimulatus,
1256 2310 1367 2374 equum

106 2382 247 2464 vestigari
265 2381 356 2459 iubet,
380 2386 410 2441 et
430 2401 487 2461 per
502 2383 702 2464 ‘interpretem
719 2381 915 2463 pronuntiari,
939 2383 971 2443 ni
989 2383 1196 2463 reddidissent,
1218 2388 1366 2450 neminem

106 2503 174 2547 esse
194 2481 351 2543 victurum.
394 2479 458 2540 Hac
480 2480 705 2542 denuntiatione
725 2477 836 2554 territi,
855 2499 924 2540 cum
947 2480 1055 2543 ceteris
1075 2482 1163 2545 donis
1183 2501 1296 2565 equum
1317 2486 1367 2546 ad-

106 2583 229 2642 ducunt.
265 2571 294 2614 ²⁰
304 2573 367 2636 Sed
387 2595 426 2637 ne
447 2577 491 2638 sic
512 2577 632 2658 quidem
654 2576 818 2656 mitigatus,
839 2575 925 2636 caedi
947 2575 1037 2640 silvas
1059 2578 1157 2657 iubet,
1182 2587 1366 2663 aggestaque

105 2681 197 2740 humo
217 2695 234 2736 e
256 2672 409 2734 montibus
430 2673 583 2754 planitiem
605 2675 696 2736 ramis
717 2671 890 2752 impeditam
911 2676 1092 2754 exaggerari.
1134 2672 1230 2741 ²¹lam
1259 2679 1291 2742 in
1316 2680 1366 2741 ali-

105 2781 249 2858 quantum
268 2770 430 2832 altitudinis
452 2791 529 2851 opus
549 2777 703 2846 creverat,
730 2790 822 2852 quum
851 2769 988 2847 barbari,
1015 2773 1175 2853 desperato
1200 2776 1365 2855 regionem,

105 2893 195 2955 quam
208 2873 439 2947 occupaverant,
461 2887 553 2948 posse
563 2868 694 2945 retineri,
717 2873 835 2948 gentem
847 2886 932 2930 suam
946 2868 1097 2934 dedidere.
1127 2872 1193 2934 Rex
1205 2872 1365 2937 obsidibus

105 2969 238 3049 acceptis
259 2964 398 3028 Phradati
421 2985 528 3043 parere
549 2985 603 3026 eos
625 2965 721 3029 iussit.

188 3065 301 3125 XVlll.
334 3054 440 3120 ²²lnde
463 3062 567 3140 quinto
587 3062 635 3122 die
660 3063 691 3123 in
712 3062 820 3124 stativa
840 3062 1009 3128 revertitur.
1050 3064 1234 3129 Artabazum
1258 3069 1365 3132 deinde

105 3161 254 3242 geminato
277 3160 407 3232 honore,
440 3175 529 3235 quem
550 3160 668 3218 Dareus
691 3157 836 3219 habuerat
855 3159 897 3236 ei,
925 3160 1047 3222 remittit
1068 3163 1198 3225 domum.
1243 3165 1307 3227 lam
1329 3167 1365 3227 ad

105 3257 212 3320 urbem
230 3253 407 3334 Hyrcaniae,
428 3250 459 3312 in
479 3271 538 3332 qua
557 3251 641 3331 regia
662 3253 753 3314 Darei
772 3253 836 3331 fnit,
856 3266 978 3317 ventum
1000 3265 1072 3321 erat.
1105 3258 1150 3320 lbi
1170 3260 1365 3324 Nabarzanes

104 3359 229 3433 accepta
252 3352 311 3414 lide
342 3347 477 3412 occurrit
502 3349 581 3410 dona
609 3349 739 3430 ingentia
760 3353 869 3414 ferens.
905 3347 1021 3416 ²³lnter
1045 3376 1122 3437 quae
1149 3358 1271 3437 Bagoas
1292 3366 1364 3435 erat,

105 3451 206 3530 specie
217 3447 361 3528 singulari
373 3446 469 3526 spado
487 3451 576 3526 atque
596 3445 627 3506 in
649 3445 717 3526 ipso
738 3448 814 3509 dore
835 3449 988 3528 pueritiae,
1010 3454 1059 3514 cui
1079 3458 1109 3514 ct
1124 3454 1245 3515 Dareus
1264 3475 1365 3518 assue-

105 3554 152 3608 tus
172 3547 270 3605 luerat
291 3549 320 3604 et
339 3561 410 3603 mox
430 3539 602 3605 Alexander
619 3543 766 3606 assuevit:
798 3543 922 3629 eiusque
943 3547 1069 3610 maxime
1094 3548 1237 3631 precibus
1265 3560 1365 3616 motus

104 3638 274 3704 Nabarzani
296 3637 419 3719 ignovit.

171 3836 302 3904 6,16,13.
327 3835 438 3890 Adirl.
462 3840 504 3891 F.:
523 3839 634 3893 adira·
656 3839 828 3891 Poterant.
848 3842 887 3894 R:
905 3850 1016 3910 poterat.
1035 3840 1213 3909 -6,16,11.
1242 3846 1290 3898 De
1307 3850 1364 3899 ia-

104 3909 249 3961 dastria.
265 3909 305 3959 R:
326 3924 358 3957 ea
374 3907 510 3960 industria.
545 3910 625 3961 lenes
645 3910 717 3960 steht
735 3913 812 3960 sonst
825 3911 922 3961 immer
939 3912 983 3963 bei
1005 3914 1088 3975 C.;'s.
1108 3910 1132 3976 5,
1155 3911 1197 3975 1⁸2,
1216 3912 1259 3964 17.
1278 3915 1303 3980 5,
1323 3914 1364 3978 11,

105 3976 144 4031 14.
163 3976 187 4041 9,
211 3976 251 4039 12,
275 3973 315 4028 12.
336 3975 360 4037 9,
384 3973 424 4038 19,
443 3973 466 4026 l.
488 4004 516 4014 —
543 3974 624 4040 6,16,
644 3975 685 4027 15.
705 3975 852 4028 Occulti.
877 3979 915 4029 F.:
941 3978 1035 4030 occulti
1053 3996 1140 4032 maa
1160 4008 1189 4019 -
1215 3981 1363 4035 cludunt.

104 4049 130 4097 S.
148 4046 171 4110 5,
192 4045 216 4110 2,
235 4043 275 4097 15.
305 4071 333 4082 -
367 4041 750 4108 6‚16‚16.uaraaeranae.
781 4046 1084 4100 Anderc:nudaaerant.

170 4134 314 4200 6,17,18.
352 4134 448 4185 Inter
469 4151 559 4201 quos.
590 4137 616 4186 S
632 4149 665 4184 zu
687 4133 710 4198 3,
729 4133 769 4200 27,
793 4135 832 4188 10.
859 4135 1074 4201 11111516.
1102 4169 1131 4179 -
1160 4151 1293 4209 sponte.
1326 4146 1362 4195 R:

102 4212 269 4340 111111.
285 4200 363 4332 11,
380 4201 786 4334 1111111111
803 4206 1301 4331 111111111111111.
1322 4214 1365 4344 11

104 4338 142 4402 15,
161 4339 193 4390 5.·
209 4340 339 4390 dextra
364 4354 445 4405 pura
466 4337 522 4387 labe
540 4344 624 4387 terrac
639 4337 673 4386 in
693 4337 914 4406 aliquantum
933 4292 1142 4396 aNitudinir
1165 4346 1287 4398 diruta
1306 4356 1363 4399 erl.

105 4434 133 4444 -
154 4407 337 4474 desperato.
370 4409 410 4457 Z.:
437 4405 570 4473 desperati.
607 4406 700 4458 lndess
718 4407 784 4459 lh'sst
808 4409 864 4461 sich
887 4411 964 4462 leina
991 4415 1070 4478 vbllig
1095 4415 1275 4481 zuvarla'ssiga
1293 4419 1365 4482 Spur

102 4475 176 4526 sinas
196 4476 399 4538 deponentialen
419 4474 574 4526 Gabrauchs
594 4474 636 4524 liir
656 4474 704 4524 das
721 4477 799 4525 Wort
816 4478 992 4530 nachwaisen.
1029 4482 1129 4547 Wegen
1155 4483 1204 4534 dea
1224 4484 1283 4537 Abi.
1303 4486 1358 4536 abs.

103 4555 123 4592 s.
144 4555 177 4591 zu
194 4540 217 4603 5,
234 4541 275 4606 35,
298 4541 321 4592 1.
343 4570 374 4577 -
390 4558 525 4609 parere.
546 4542 586 4592 F.:
609 4540 717 4591 tradm.
745 4543 830 4608 Vargl.
846 4547 917 4596 Curt.
936 4544 960 4609 8,
980 4545 1019 4611 13,
1038 4547 1078 4598 17.

169 4625 310 4693 6,18,22.
347 4630 462 4683 lla-tem
479 4632 685 4699 Hyrcaniae.
721 4635 857 4689 Vialleicht
880 4639 1049 4693 zadracarta.
1081 4644 1108 4694 S.
1124 4656 1159 4695 au
1178 4638 1207 4704 6,
1226 4638 1329 4703 1113.
