2820 4964
377 160 462 257 rm.
487 191 573 257 xvi.
592 193 743 258 ora-ao.
769 189 870 253 xvn.
895 189 1000 257 1.-8.
1255 181 1321 251 soc

143 361 242 422 XVII.
284 357 476 424 l⁹¹(leterum
496 361 610 422 lndiam
639 365 670 422 ct
694 360 764 422 inde
786 377 934 422 oceanum
961 357 1119 437 petiturus,
1141 370 1181 415 ne
1209 353 1282 436 quid
1302 342 1359 416 am

59 469 155 536 tergo,
183 458 265 538 quod
286 459 432 521 destinata
453 458 600 538 impedire
620 463 732 536 posset,
758 460 941 529 moveretur,
966 474 1005 514 ex
1031 452 1171 516 omnibus
1199 450 1321 530 provin·

59 555 114 616 ciis
134 556 235 615 XXX
254 556 334 616 milia
356 555 508 618 iuniorum
526 554 586 633 legi
606 553 693 614 iussit
713 559 744 614 et
769 553 808 614 ad
833 571 866 613 se
895 558 1008 612 armata
1035 548 1170 630 perduci,
1197 546 1320 609 obsides

59 652 148 714 simul
170 653 324 715 habiturus
353 634 401 714 e(
410 653 527 715 milites.
571 646 751 711 ²Grat'ernm
779 649 818 710 ad
844 647 1071 730 persequendos
1088 647 1271 707 Haustauem
1290 650 1321 705 et

59 749 212 822 Catenem,
235 751 285 830 qui
312 751 348 810 ab
375 749 442 828 ipso
464 749 644 822 defecerant,
673 747 771 807 misit:
797 765 925 826 quorum
950 747 1117 805 Haustanes
1139 747 1246 821 captus
1265 747 1320 817 est,

59 847 189 906 catenes
215 847 244 906 in
270 836 390 924 proelio
411 845 541 906 occisus.
578 843 769 922 Polypercon
791 861 912 922 quoque
935 840 1097 919 regionem,
1126 856 1202 918 quae
1220 837 1320 898 Buba-

59 960 134 1003 cene
153 942 330 1021 appellatur,
352 943 382 1002 in
404 941 554 1002 dicionem
570 940 695 1018 redegit.
737 935 871 1021 ³ltaque,
892 937 1031 999 omnihus
1052 935 1239 1014 compositis,
1269 954 1321 997 co

58 1038 218 1116 gitationes
243 1038 273 1098 in
298 1038 411 1100 bellum
438 1037 571 1098 indicum
597 1037 693 1099 vertit
735 1036 828 1097 Dives
853 1035 938 1113 regio
966 1033 1132 1094 habebatur
1157 1051 1219 1096 nou
1243 1051 1320 1095 auro

57 1135 161 1210 modo,
192 1135 247 1195 sed
272 1134 397 1212 gemmis
425 1153 547 1214 quoque
570 1132 805 1213 margaritisque,
836 1132 875 1193 ad
899 1131 1004 1193 luxum
1029 1130 1133 1207 magis,
1165 1151 1255 1210 quam
1280 1125 1349 1191 ad

59 1231 307 1309 magnificentiam
326 1218 452 1292 eliculta.
485 1225 600 1291 lPeriti
618 1227 763 1290 militares
781 1248 856 1289 auro
873 1234 903 1289 et
922 1229 1017 1289 ebore
1035 1226 1151 1306 fulgere
1166 1226 1320 1288 dicebant:

58 1327 159 1407 itaque
181 1326 292 1388 necubi
314 1327 492 1404 vinceretur,
520 1346 613 1407 quum
635 1325 744 1386 ceteris
771 1329 946 1403 praestaret,
974 1324 1068 1386 scutis
1096 1329 1252 1401 argenteas
1278 1322 1322 1384 la-
1357 1348 1361 1355 ·
1402 1324 1405 1352 ²

58 1425 163 1499 minas,
185 1424 268 1505 equis
290 1425 394 1486 frenos
414 1433 523 1486 aureos
546 1421 669 1497 addidit,
693 1420 804 1482 loricas
827 1440 949 1501 quoque
971 1420 1044 1482 alias
1064 1439 1150 1496 auro,
1181 1420 1255 1482 alias
1274 1440 1321 1480 ar-

59 1530 149 1599 gento
171 1522 335 1582 adornavit.
377 1522 471 1582 CXX
491 1518 573 1580 milia
594 1523 777 1578 armatorum
803 1524 897 1593 eraut,
926 1536 1002 1597 quae
1024 1535 1126 1596 regem
1152 1517 1191 1577 ad
1209 1516 1240 1577 id
1257 1516 1321 1578 bal-

58 1617 121 1678 lum
142 1620 351 1698 sequebantur.

144 1709 285 1796 ⁵lamque
308 1710 665 1792 omnibuspraeparatis,
696 1710 781 1792 quod
802 1710 875 1772 olim
895 1730 989 1791 prava
1009 1718 1109 1773 mente
1128 1716 1320 1790 conceperat

59 1816 131 1872 tunc
159 1832 226 1873 esse
247 1817 394 1873 maturum
416 1817 508 1886 ratus,
537 1827 669 1890 quonam
693 1808 786 1870 modo
814 1808 962 1870 coelestes
990 1809 1123 1870 honores
1151 1813 1319 1886 usurparet,

57 1909 161 1986 coepit
181 1910 301 1988 agitare.
344 1908 423 1969 lovis
443 1907 538 1968 filium
564 1924 627 1966 non
649 1903 709 1964 dici
731 1908 845 1965 tanatum
871 1926 915 1980 se,
944 1905 1108 1967 sedetiam
1129 1904 1215 1967 credi
1237 1904 1320 1966 vole

58 2004 117 2079 bat,
145 2013 284 2086 tanquam
302 2006 427 2084 perinde
449 2003 555 2064 animis
567 2002 728 2081 imperare
754 2010 860 2080 posset
884 2023 920 2064 ac
940 2001 1060 2082 linguis,
1093 1997 1213 2083 6itaque
1235 2021 1321 2063 more

58 2101 216 2162 Persarum
238 2102 418 2162 Macedonas
440 2099 670 2161 venerabundos
696 2098 797 2176 ipsum
825 2100 956 2161 salutme
985 2107 1210 2178 prosternentes
1237 2099 1320 2159 humi

58 2217 199 2274 corpora.
234 2197 306 2259 lon
325 2197 427 2255 deerat
447 2195 518 2256 talia
539 2193 766 2270 concupiscenti
786 2194 957 2272 perniciosa
977 2195 1118 2272 adulatio,
1139 2201 1345 2274 perpetuum‘

57 2292 170 2351 malum
190 2309 303 2367 regum,
323 2309 451 2368 quorum
467 2309 542 2369 opes
558 2289 676 2367 saepius
690 2290 860 2365 assentatio,
883 2311 972 2370 quam
984 2291 1079 2352 hostis
1091 2292 1207 2356 evertit.
1231 2288 1320 2354 ⁷Nec

57 2385 259 2447 Macedonum
290 2387 364 2444 haec
389 2393 454 2445 erat
481 2387 579 2465 culpa,
609 2403 699 2445 nemo
721 2384 799 2445 enim
820 2385 942 2447 illorum
968 2387 1127 2466 quicquam
1156 2409 1194 2448 ex
1221 2388 1319 2468 patrio

58 2502 144 2543 more
172 2482 274 2542 labare
297 2482 445 2557 sustinuit,
482 2482 536 2543 sed
567 2482 763 2558 Graecorum,
797 2482 849 2563 qui
877 2481 1097 2560 professionem
1127 2485 1320 2545 honestarum

58 2575 166 2640 altium
190 2579 274 2640 malis
292 2586 491 2658 corruperant
511 2578 656 2640 moribus.
698 2571 795 2658 8Agis
816 2579 937 2660 quidam
956 2577 1096 2658 Argivus,
1117 2580 1319 2658 pessimorum

59 2677 223 2737 carminum
242 2683 313 2756 post
332 2676 507 2738 Choerilum
525 2675 674 2751 conditor,
703 2680 734 2736 et
753 2693 792 2736 ex
813 2674 916 2737 Sicilia
936 2674 1025 2750 Cleo,
1045 2677 1094 2738 hic
1115 2676 1236 2758 quidam
1257 2696 1319 2740 uon

88 2848 93 2858 ’
126 2858 251 2922 8,17,2.
284 2860 466 2910 Craterum.
486 2859 525 2908 F.:
549 2856 684 2909 Cratcrmn
700 2865 791 2909 cotem.
811 2887 841 2897 -
871 2858 1035 2911 Catonem.
1070 2862 1155 2925 Vergl.
1175 2859 1199 2922 7,
1217 2857 1259 2922 22,
1275 2857 1317 2911 21.

57 2925 98 2976 Ἡ.
117 2927 140 2989 7,
159 2927 200 2991 ⁴24,
221 2926 261 2978 41.
283 2956 311 2965 —
332 2926 553 2994 Polypercon
574 2927 684 2991 geho'rte
705 2928 773 2976 nach
788 2931 841 2978 Arr.
861 2926 884 2989 d,
902 2925 942 2991 Ἡ,
963 2926 976 2977 1
996 2944 1029 2980 zu
1049 2928 1319 2980 derHeeresabthei-

57 2997 193 3115 qraqgscpqpl
207 2999 340 3115 gqqprus.
374 2998 403 3046 ln
429 2997 491 3046 dem
507 2996 608 3044 Nomen
627 2993 769 3045 Bubacene
789 2995 842 3045 will
860 3008 922 3046 man
940 3000 999 3047 eine
1016 2998 1178 3061 Auspielung
1200 2996 1249 3046 auf
1262 2996 1319 3046 Ba-

126 3153 150 3215 8,
169 3154 210 3215 17,
228 3154 251 3205 3.
286 3153 337 3203 Ad
354 3152 472 3204 lacum.
501 3156 587 3219 Vergl.
607 3170 640 3205 zu
660 3152 683 3218 5,
704 3152 731 3216 3,
749 3151 796 3204 23:
818 3155 912 3221 equites
934 3153 1068 3222 babylonii,
1086 3173 1130 3207 sao
1149 3170 1321 3236 equorumque

58 3221 130 3270 calta
147 3223 182 3271 ad
206 3222 375 3272 luxuriam
400 3223 488 3288 anapia,
518 3239 594 3288 qaam
618 3223 654 3272 orl
675 3222 979 3287 mapnifieeatiam
1005 3231 1104 3287 acacio,
1127 3223 1212 3274 altami
1235 3223 1319 3274 ibant.

57 3291 131 3339 Auch
150 3306 170 3340 s.
189 3289 213 3351 8,
222 3289 264 3350 31,
276 3287 315 3339 18.
325 3288 362 3339 19.
374 3318 405 3326 -
422 3287 532 3352 8,17,4.
549 3289 699 3340 Periti-
710 3289 876 3340 dicebant.
892 3291 936 3341 F.:
955 3289 1076 3358 clypei*
1089 3291 1246 3344 dicebantur.
1265 3291 1318 3343 Fur

58 3358 110 3406 den
129 3359 269 3408 absoluten
283 3358 423 3408 Gabrauch
436 3373 488 3408 von
498 3376 516 3425 p
526 3359 624 3418 erili,
644 3373 674 3409 so
688 3360 751 3409 dass
764 3360 812 3408 der
825 3361 995 3422 Gegenstand
1012 3360 1199 3424 der-genauan
1211 3362 1318 3410 Kenut-

57 3427 113 3474 niss
133 3440 180 3476 aris
200 3428 260 3477 dem
279 3427 524 3490 Zusammenhange
545 3427 655 3490 ergtinzt
672 3426 748 3483 wird,
766 3426 867 3489 spricbt
883 3423 909 3486 5,
929 3423 970 3488 38,
989 3424 1037 3476 dd:
1066 3426 1136 3477 head
1149 3426 1246 3495 procul
1260 3435 1318 3477 erat

55 3493 122 3555 sons,
136 3493 171 3542 ad
189 3510 260 3559 qaam
277 3500 446 3543 monstratam
465 3510 482 3543 a
497 3494 628 3561 peritis
639 3495 701 3554 (von
712 3494 762 3544 den
776 3494 825 3544 der
834 3494 985 3558 Umgegend
995 3496 1142 3559 Kundigan)
1153 3493 1317 3561 Polystratus

56 3562 172 3611 accessit.
210 3563 284 3611 Auch
304 3563 352 3612 der
375 3560 497 3612 absolute
518 3561 659 3613 Gebrauch
679 3576 730 3611 von
756 3558 931 3611 militares
955 3562 992 3612 ist
1016 3577 1065 3613 aus
1084 3564 1146 3614 dem
1166 3563 1318 3628 gawohnli-

57 3629 125 3678 chen
142 3630 230 3679 Leben
248 3631 274 3678 in
291 3630 333 3679 die
350 3630 509 3680 historisohe
529 3632 647 3694 Sprache
664 3628 876 3693 iibergegaugen.
908 3631 933 3679 S.
953 3630 1012 3680 Tac.
1033 3645 1093 3682 auu.
1111 3630 1150 3682 14.
1171 3629 1219 3682 33:
1238 3631 1317 3681 omis-

56 3696 92 3744 sis
112 3695 225 3745 castellis
269 3696 435 3762 raesidiisqa'e
458 3695 670 3747 militariam.
697 3696 802 3757 Quintil.
825 3697 908 3748 instit.
928 3709 966 3746 or.
987 3696 1026 3761 11,
1046 3695 1134 3763 aas:
1159 3698 1321 3767 eloquentiae

54 3779 132 3830 penas
148 3763 213 3813 alios
231 3714 304 3814 allud
322 3764 400 3813 decet.
414 3792 442 3801 -
456 3763 622 3831 Simpliciora
641 3762 817 3814 militares
834 3763 929 3815 deccat.
995 3812 999 3819 ,

125 3852 151 3914 8,
173 3853 213 3918 17,
233 3855 258 3906 5.
298 3855 400 3905 Credi
416 3854 570 3908 colebat.
607 3857 697 3905 Hierin
715 3856 778 3919 liegt
792 3855 837 3906 dle
852 3857 1011 3920 Steigeruug
1032 3870 1085 3907 von
1104 3853 1128 3917 d,
1148 3855 1190 3918 32,
1205 3855 1252 3908 3⁰:
1270 3855 1318 3906 lo-

54 3922 94 3970 eis
114 3921 195 3986 filiam
212 3939 320 3973 senon
338 3922 445 3973 solam
462 3922 771 3990 appellaripassaa
790 3929 854 3984 eat,
880 3923 1057 3973 sedetiam
1080 3924 1193 3985 iasait.
1231 3925 1316 3988 Vergl

56 3992 86 4040 C.
104 3989 130 4049 8,
149 3987 189 4052 98,
208 3991 295 4041 15.-
317 3989 340 4050 8,
360 3989 398 4053 17,
420 3991 443 4042 7.
472 3990 734 4054 Profeasioaem.
763 3992 849 4055 Vergl.
867 3987 947 4057 216,
965 3988 995 4041 8:
1023 3990 1143 4052 Gobares,
1163 3992 1319 4058 mapicaa

55 4058 239 4176 f‘tlttttt
255 4057 849 4179 tttlttttt‘nttf‘sithilia.
873 4060 991 4190 thll
1007 4060 1316 4192 ‘llalllllllwlll

55 4141 200 4256 {awarded
225 4209 289 4246 war.
323 4195 411 4257 Vergl.
431 4195 537 4254 Quintil.
560 4165 622 4245 inst.
650 4166 765 4255 orat’h,
785 4192 810 4255 1,
830 4144 1005 4245 aflectum
1028 4144 1173 4245 decldmare
1196 4165 1270 4245 aalide
1290 4201 1315 4244 et

54 4260 188 4311 scientiam
204 4262 365 4313 declamandi
381 4277 414 4312 ac
428 4260 580 4325 facultatem
597 4261 710 4323 tradere,
725 4263 808 4327 officii
826 4262 867 4312 sai
878 4262 986 4312 decernat:
1003 4279 1064 4313 nam
1080 4270 1173 4327 cetera,
1190 4269 1220 4313 at
1232 4278 1315 4330 pro-

54 4329 72 4391 s
76 4329 213 4380 cesione
230 4347 290 4380 aaa
308 4332 416 4391 minora,
435 4330 585 4396 despiciant.
604 4357 633 4366 -
658 4329 872 4381 bonestorum
890 4331 1021 4383 artium.
1057 4334 1138 4383 Sonst
1157 4332 1228 4383 auch
1245 4336 1315 4381 artes

54 4394 182 4512 {liberatae
199 4399 332 4465 iapeaaoe,
350 4399 437 4461 honae,
458 4399 502 4450 die
519 4398 747 4450 wissenschaften
767 4399 824 4450 und
844 4399 888 4450 die
908 4398 991 4452 freieu
1009 4402 1118 4463 Kanate,
1136 4398 1239 4450 tama
1258 4397 1315 4449 viro

72 4480 153 4529 spatae.

123 4553 148 4617 8,
176 4555 215 4618 17,
240 4555 266 4606 8.
299 4556 507 4608 Choerilum.
543 4558 601 4609 Von
626 4558 781 4610 damselhon
805 4558 1053 4624 ubelbortchligten
1083 4557 1197 4618 Dichter,
1227 4557 1315 4608 ainem

54 4624 246 4688 zeitgenoasen
262 4626 310 4691 dea
324 4627 482 4688 Alexander,
505 4626 609 4694 sprtcht
625 4627 715 4678 Horat
736 4628 813 4691 aptat.
832 4624 859 4690 P,
876 4625 902 4689 l,
913 4623 966 4678 232
984 4627 1029 4679 a:
1048 4624 1145 4680 dadae
1161 4622 1314 4677 Aleeaadro
