2820 4964
106 182 170 246 ars
202 158 212 259 1
571 181 611 260 o.
635 179 776 241 CURTH
796 180 894 241 aurr

107 351 177 425 lant,
196 350 290 430 lnper
309 350 443 413 omnium
462 350 595 428 gentium
616 349 695 411 vitia
740 352 843 426 Quum
867 366 921 407 rex
947 365 1015 409 sese
1034 345 1065 405 in
1086 344 1211 425 publico
1233 346 1366 423 conspici

107 446 227 525 patitur,
248 448 400 509 thuribula
418 453 558 525 argentea
576 446 704 507 ministri
726 446 835 518 lerunt,
856 451 1013 524 totumque
1033 445 1100 517 iter,
1119 460 1176 521 per
1194 442 1281 521 quod
1300 442 1367 503 terri

108 542 274 619 destinavit,
303 544 449 606 odoribus
478 543 639 623 complent.
686 536 824 602 ²⁴Anrea
849 539 964 616 lectica,
988 538 1156 618 margaritis
1183 538 1368 618 circumpen-

108 639 256 716 dentibus,
278 641 417 701 recubat:
447 637 587 701 distincta
605 645 675 699 sunt
694 657 769 699 auro
789 645 820 699 et
842 657 978 716 purpura
996 636 1129 711 carbasa,
1152 656 1233 717 quae
1251 636 1367 698 indutiis

110 742 168 795 est:
188 736 326 798 lecticam
345 742 511 817 sequuntur
528 735 633 797 armati
651 734 849 814 corporisque
870 733 1021 809 custodes,
1046 727 1161 795 ²⁵inter
1183 752 1266 814 quos
1283 734 1367 795 ramis

109 851 180 893 aves
202 834 342 912 pendent,
371 852 445 914 quas
467 838 556 893 cantu
577 832 663 892 seriis
692 832 784 893 rebus
809 830 988 909 obstrepere
1016 832 1194 893 docuerunt
1246 824 1367 911 ²⁶Regia

108 936 227 991 auratas
249 930 403 991 columnas
423 928 525 989 habet:
558 935 635 989 totas
662 948 712 989 eas
733 927 801 989 vitis
827 946 903 989 auro
929 928 1044 989 caelata
1071 926 1234 1007 percurrit,
1261 928 1366 989 avium-

109 1044 176 1105 que,
197 1047 324 1106 quarum
343 1026 410 1086 visu
431 1026 556 1085 maxime
578 1026 716 1104 gaudent,
744 1032 902 1104 argenteae
923 1025 1037 1103 effigies
1058 1041 1154 1102 opera
1176 1022 1366 1103 distinguunt

109 1116 238 1200 ²⁷Regia
259 1120 439 1182 adeuntibus
464 1128 555 1199 patet,
583 1142 672 1201 quum
698 1120 842 1199 capillum
861 1122 955 1199 pectit
973 1129 1064 1202 atque
1096 1128 1199 1182 ornat:
1233 1128 1309 1183 trrnc
1326 1142 1367 1183 rc

109 1235 222 1293 sponsa
240 1217 449 1295 legationibus
470 1225 543 1279 tuuc
564 1218 630 1278 iura
651 1216 850 1296 popularibus
869 1218 976 1279 reddit
1011 1215 1151 1295 Demptis
1171 1217 1279 1295 soleis,
1300 1220 1367 1281 cdo

109 1311 192 1373 ribus
216 1313 372 1375 illinuntur
401 1313 504 1392 pedes.
552 1309 725 1374 ²⁸Venatus
753 1315 900 1375 mammas
925 1314 1013 1375 labor
1039 1320 1086 1375 est
1110 1312 1231 1375 inclusa
1260 1315 1367 1377 vivario

108 1408 246 1469 animalia
265 1410 342 1470 inter
367 1415 438 1470 vota
460 1392 624 1491 cantusque
644 1410 786 1488 pellicum
807 1411 908 1489 figere.
950 1410 1060 1471 Binum
1081 1408 1260 1473 cubitorum
1288 1414 1368 1492 sagit

107 1514 157 1564 tae
177 1513 253 1582 sunt,
276 1526 351 1587 quas
372 1509 510 1567 emittunt
528 1508 643 1568 maiore
663 1507 740 1581 uisu,
770 1526 858 1587 quam
884 1507 1001 1569 effectu.
1045 1506 1169 1587 Quippe
1188 1508 1296 1585 telum,
1323 1530 1368 1570 cu·

108 1600 155 1661 ins
175 1601 205 1663 in
222 1603 344 1664 levitate
364 1604 410 1663 vis
429 1604 525 1665 omnis
545 1610 600 1678 est,
622 1602 743 1663 inhabili
765 1603 903 1682 pondere
924 1609 1076 1664 oneratur.
1125 1596 1312 1667 29Βτενίοτιι
1329 1606 1368 1667 iti

108 1716 181 1757 nera
201 1719 281 1779 equo
303 1700 440 1772 conticit;
468 1700 590 1779 longior
607 1700 660 1760 ubi
678 1699 832 1778 expeditio
851 1706 906 1776 est,
937 1699 1086 1779 elephanti
1107 1702 1224 1763 vehunt
1242 1724 1368 1775 currum,

110 1800 140 1854 et
157 1800 305 1857 tantarum
328 1795 485 1858 beluamm
512 1816 645 1875 corpora
668 1802 733 1857 tota
754 1802 919 1874 contegant
943 1816 1027 1858 auro.
1069 1797 1116 1858 Αο
1145 1816 1187 1859 ne
1210 1799 1289 1879 quid
1308 1818 1369 1879 per·

109 1891 178 1953 ditis
196 1892 332 1954 moribus
356 1891 440 1968 desit,
467 1892 582 1953 lecticis
599 1892 699 1953 arrreis
719 1892 864 1971 pellicum
879 1892 989 1971 longus
1008 1894 1087 1955 ordo
1109 1895 1265 1976 sequitur;
1290 1916 1369 1975 sepa-

108 1994 205 2051 ratum
224 2011 241 2051 a
263 1990 384 2067 reginae
403 1989 510 2050 ordine
528 2009 635 2067 agmen
654 1996 709 2064 est,
727 1995 895 2069 aequatque
909 1989 1064 2051 luxuriam
1094 1984 1125 2029 ³⁰
1132 1990 1282 2052 Feminae
1303 2012 1369 2071 epu-

109 2083 154 2146 las
180 2093 294 2165 parant
338 2085 387 2145 Ab
415 2084 520 2147 iisdem
545 2085 647 2147 vinnm
668 2085 860 2160 ministratur,
887 2086 973 2147 cuius
998 2087 1136 2149 omnibus
1162 2087 1258 2149 Indis·
1274 2088 1370 2168 largus

109 2187 155 2242 est
174 2203 255 2245 usus
297 2187 411 2264 Regem
428 2202 514 2244 mero
540 2202 709 2262 somnoque
736 2183 869 2261 sopitum
893 2183 926 2243 in
948 2182 1121 2245 cubiculum
1141 2184 1273 2264 pellices
1298 2187 1371 2246 rete

109 2286 186 2354 runt,
206 2283 304 2359 patrio
327 2282 458 2343 carmine
479 2279 613 2342 noctium
634 2283 809 2341 invocantes
830 2280 913 2341 deos.

192 2377 341 2439 XXXlll.
394 2374 502 2457 ³¹Quis
524 2377 627 2437 credat
651 2376 729 2437 inter
755 2377 829 2437 haec
859 2377 930 2437 vitia
959 2396 1062 2438 curam
1088 2397 1157 2439 esse
1187 2378 1372 2457 sapientiae?

109 2473 206 2533 Unum
228 2482 345 2555 agreste
367 2481 396 2535 et
418 2473 573 2535 horridum
594 2492 688 2552 mnus
709 2477 763 2548 est,
793 2474 875 2553 quod
901 2473 1051 2553 sapientes
1075 2480 1195 2537 vocant
1246 2468 1370 2555 ³²Apud

108 2569 164 2629 hos
185 2590 337 2649 occupare
358 2571 410 2631 fati
436 2571 514 2631 diem
537 2569 705 2648 pulchrum,
737 2574 767 2630 et
793 2569 936 2632 vivesse
963 2570 1090 2631 cremari
1115 2570 1229 2647 iubent,
1264 2573 1371 2654 quibus

108 2672 160 2725 aut
184 2668 284 2747 segnis
305 2674 386 2728 aetas
408 2674 459 2727 aut
484 2667 673 2726 incommoda
695 2666 836 2726 valetudo
863 2674 922 2727 est:
954 2672 1140 2745 expectatam
1164 2676 1295 2730 mortem
1317 2690 1371 2749 pro

109 2760 260 2823 dedecore
282 2764 359 2824 vitae
378 2764 495 2824 habent.
537 2763 604 2822 Ncc
623 2762 703 2823 ullus
722 2764 912 2842 corporibus,
937 2784 1013 2845 quae
1032 2770 1173 2825 senectus
1193 2764 1297 2843 solvit,
1312 2768 1393 2836 bc,

109 2877 166 2919 nos
188 2860 339 2921 redditur:
367 2859 514 2941 inquinari
532 2864 638 2937 putant
660 2858 767 2938 ignem,
789 2860 846 2920 nisi
868 2859 920 2941 qui
943 2860 1090 2940 spirantes
1111 2860 1230 2941 recipit
1284 2858 1372 2939 331111,

110 2955 215 3035 quiin
240 2957 365 3018 urbibus
390 2955 519 3035 publicis
540 2954 676 3016 moribus
700 2955 820 3034 degunt,
847 2956 978 3017 siderum
1006 2963 1105 3019 motus
1127 2957 1203 3019 scite
1235 2966 1373 3039 spectare

110 3051 248 3112 dicuntur
270 3058 300 3112 et
320 3054 421 3112 futura
438 3051 623 3130 praedicere.
664 3052 731 3111 Nec
755 3072 932 3132 quemquam
954 3054 1114 3115 admovere
1131 3054 1186 3115 leti
1207 3054 1292 3116 diem
1310 3075 1372 3117 cre

110 3147 193 3221 dunt,
213 3146 263 3207 cui
278 3153 437 3224 expectare
459 3147 595 3207 interrito
617 3145 713 3207 liceat.
743 3149 864 3209 aeneos
884 3156 990 3227 putant
1012 3148 1153 3233 quicquid
1176 3149 1284 3215 colere
1305 3172 1372 3213 coe-

109 3247 227 3319 perunt,
259 3242 384 3302 arbores
407 3242 541 3317 maxime,
570 3261 644 3321 quas
667 3243 780 3305 violare
801 3245 911 3324 capital
931 3252 985 3308 est
1033 3242 1187 3309 35ltleuses
1209 3248 1242 3308 iu
1265 3250 1372 3329 quinos

176 3422 200 3488 8,
219 3422 262 3485 31,
281 3422 321 3475 13.
354 3425 466 3491 Super.
487 3426 527 3476 F.:
545 3440 632 3491 supra.
653 3453 681 3462 -
709 3442 780 3476 scae
807 3430 874 3479 nach
895 3431 982 3493 Ccnj.;
1011 3430 1051 3480 R:
1077 3446 1145 3480 scae.
1168 3458 1200 3467 -
1220 3430 1248 3493 8,
1269 3430 1370 3491 3117.

111 3492 332 3544 larureddit.
362 3490 636 3555 31113138-
661 3492 684 3556 8,
700 3492 742 3551 31,
760 3494 800 3548 18,
819 3496 935 3545 Binum
953 3496 1152 3551 cubitorum.
1179 3500 1230 3550 Die
1254 3502 1371 3552 Verbin-

111 3562 183 3623 dnng
197 3562 274 3622 jener
290 3562 402 3611 Formcn
420 3562 503 3612 findet
527 3563 599 3611 nicht
621 3563 705 3612 selten
724 3567 799 3613 Statt.
836 3567 860 3614 S.
880 3566 942 3616 Ptin.
962 3567 991 3615 N.
1011 3566 1039 3614 ll.
1058 3564 1082 3627 5,
1102 3564 1132 3615 5:
1147 3573 1239 3632 puteas
1259 3567 1372 3618 binam

110 3629 191 3690 fernae
210 3627 404 3677 cubitorum
423 3629 552 3678 irrcerriant
573 3628 715 3680 altitudine.
750 3634 838 3696 Vergl.
858 3634 910 3682 Cic.
930 3635 1001 3683 Orat
1021 3630 1063 3681 46.
1085 3660 1114 3669 -
1136 3634 1218 3683 nisu.
1240 3636 1283 3686 F.:
1301 3638 1371 3687 nina.

177 3726 202 3789 8,
220 3727 264 3789 32,
281 3725 322 3779 19.
353 3727 550 3780 Luxuriam.
578 3731 618 3780 F.:
638 3729 749 3781 Ismaria.
769 3759 797 3768 —
832 3731 857 3793 8,
876 3732 917 3796 31,
937 3731 978 3783 30.
1005 3732 1163 3783 Noctium
1180 3732 1268 3785 deor.
1295 3739 1371 3789 viel-

110 3798 190 3877 leicht
205 3800 241 3915 1εὲ
258 3811 293 3915 aq
310 3798 404 3849 lndras
423 3800 546 3863 gedacht,
573 3799 624 3849 dcn
645 3802 708 3849 Gott
726 3801 773 3851 des
798 3806 963 3864 gesammten
981 3802 1212 3855 Himmclskrelsas
1235 3806 1289 3855 mit
1304 3806 1371 3857 allen

110 3880 202 3916 semen
245 3879 272 3917 es
287 3879 371 3917 rrnen.

176 3955 202 4018 8,
221 3955 262 4020 33,
282 3956 322 4008 31.
362 3956 516 4023 Aprestc.
550 3958 624 4007 auch
643 3962 718 4009 scnst
738 3960 804 4009 wird
825 3960 866 4009 cin
891 3960 1024 4011 ahnliclrar
1042 3961 1217 4013 Untersclrled
1233 3964 1371 4017 zwiscben

110 4027 162 4076 den
182 4027 321 4077 indischcn
339 4026 447 4076 Weisen
469 4026 595 4075 erwalmt.
624 4027 657 4076 Es
676 4027 735 4077 sind
753 4027 810 4077 hicr
826 4028 895 4077 wohl
912 4028 955 4077 die
974 4028 1066 4079 Fakirs
1087 4030 1212 4091 gemeint.
1224 4058 1259 4067 -
1277 4032 1371 4099 qaod

108 4094 150 4143 F.:
168 4110 236 4160 quas.
258 4121 290 4130 —
321 4092 345 4157 8,
365 4091 406 4156 33,
426 4088 468 4143 31.
499 4090 626 4143 Solvit.
659 4096 683 4143 S.
704 4096 758 4144 Liv.
776 4090 817 4157 39,
836 4092 877 4157 40,
898 4093 945 4144 11:
973 4112 1045 4161 querc
1064 4112 1096 4145 ae
1119 4104 1235 4147 senatu
1261 4100 1372 4167 quiden,

110 4176 174 4225 quae
193 4160 304 4211 solvit
323 4162 415 4224 carnia,
437 4160 552 4227 [reperit.

175 4250 201 4312 8,
220 4250 263 4313 33,
282 4251 323 4303 33.
359 4250 511 4302 Publicis
536 4251 690 4302 moribus.
728 4251 841 4302 Publicis
861 4252 972 4303 maridas
998 4256 1033 4306 ist
1058 4256 1097 4306 als
1121 4256 1299 4309 erkltlrandor
1314 4260 1371 4309 Zu-

111 4323 166 4368 satz
188 4335 221 4369 zu
241 4321 269 4368 ia
288 4320 390 4369 urbibus
410 4319 499 4384 degere
516 4335 549 4370 zu
572 4320 700 4381 nehmcn;
726 4322 853 4372 wahrend
872 4323 929 4373 sicb
948 4324 992 4373 dte
1012 4325 1114 4374 andern
1131 4324 1240 4375 Weisen
1264 4326 1370 4379 abeon-

110 4387 184 4447 ‹lcrn,
204 4386 298 4445 ζῶντες
318 4388 343 4437 ἐν
366 4392 421 4442 ταῖς
441 4384 523 4445 Ιὃλαις,
544 4389 639 4438 fabren
658 4390 891 4451 diescglelchsam
909 4392 951 4441 ein
972 4391 1246 4455 blleutlicbesLeben,
1262 4394 1293 4445 111
1310 4396 1370 4447 dem

111 4453 165 4501 ilrra
185 4456 270 4505 sittcn
290 4457 345 4505 und
364 4456 571 4507 Gcwohnheiten
590 4456 647 4507 sich
664 4470 714 4507 vor
733 4457 784 4507 den
802 4460 892 4521 Augen
907 4459 959 4510 des
976 4460 1058 4511 Voltur
1078 4461 1245 4511 antwickeln

176 4541 199 4605 8,
217 4543 257 4605 33,
275 4543 319 4597 31.
355 4544 499 4612 Capitol.
520 4548 562 4596 F.:
581 4546 700 4612 capitale.
728 4550 752 4597 S.
774 4562 807 4599 zu
827 4546 851 4611 8,
871 4548 910 4611 lb,
933 4547 972 4599 17.
995 4576 1024 4587 --
1050 4547 1078 4610 8,
1096 4546 1196 4613 3335.
1228 4550 1367 4603 Heum-

109 4612 156 4660 Dte
172 4610 313 4663 Nacbricht
332 4614 437 4665 bezieht
453 4614 509 4666 sich
527 4615 575 4667 aul
590 4615 633 4665 die
654 4616 779 4680 Theilung
806 4618 854 4668 des
869 4618 1007 4671 indischcn
1027 4620 1133 4671 Monate
1154 4621 1181 4671 111
1205 4622 1274 4673 avrel
1294 4620 1367 4675 flut-

673 4818 681 4849 l
