2820 4964
103 151 165 215 rm
590 149 630 228 Q.
654 146 793 211 curru
819 146 916 208 uurr

101 338 182 381 nunc
197 333 380 395 uroguopere
393 333 527 389 censere,
549 319 583 375 ut
601 334 690 375 uuam
710 333 799 375 auum
821 319 852 374 et
874 314 949 375 duas
969 311 1093 392 puellus,
1115 312 1254 375 itinerum
1273 317 1368 393 agrui-

101 433 232 495 numque
243 410 463 491 impedimenta,
487 410 604 489 trigiute
618 409 740 471 milibus
751 410 895 473 talentum
905 409 972 471 auri
990 415 1147 489 permutet.
1185 404 1210 448 ¹³
1219 410 1367 489 Opimum

102 531 229 591 reguum
250 527 402 587 occupare
424 526 516 586 posse
539 506 722 583 conditione,
740 527 803 569 non
821 508 912 584 bello,
932 527 989 569 nec
1013 505 1301 586 quemquamalium
1321 509 1367 569 in-

102 609 277 670 teristrum
303 609 334 665 et
357 605 531 682 Euphraten
556 603 729 681 possedisse
755 609 851 666 terras
881 604 995 684 ingenti
1017 603 1115 683 spatio
1144 603 1365 686 intervalloque

102 704 255 767 discretas.
299 698 507 761 Macedoniam
529 718 650 779 quoque
671 700 780 779 potius*
794 702 967 780 respiceret,
987 720 1077 782 quam
1094 702 1205 761 Bactra
1222 710 1254 763 et
1272 703 1364 765 ludos

101 803 276 864 intueretur.
312 789 578 875 ¹⁴1ngretaoratio
598 797 663 875 regi
682 798 746 859 fuit.
788 799 892 879 ltaque
912 803 946 859 ut
965 799 1055 859 fiucm
1079 796 1199 857 dicendi
1220 799 1302 875 fecit,
1322 803 1364 861 lit

99 918 163 978 ego,
186 896 289 978 inquit,
304 895 483 974 pecuniam,
504 894 748 972 quamplurium
765 896 898 971 mallem,
917 895 1118 955 riParmeaio
1137 914 1237 957 errem.
1272 897 1363 957 duae

100 993 277 1055 Alexander
298 992 334 1053 de
349 998 535 1070 paupertate
552 1009 677 1051 securus
696 1009 780 1065 sum,
810 998 842 1051 et
862 1012 910 1053 me
931 1011 995 1053 riou
1015 1001 1215 1055 mercatorem
1236 997 1363 1055 memini

99 1112 176 1166 esre,
206 1090 259 1151 sed
276 1108 387 1166 regem.
428 1082 452 1125 ¹⁵
461 1087 551 1149 Nati
570 1088 691 1167 qualem
716 1086 808 1147 babeo
834 1089 955 1163 uenam,
987 1090 1040 1150 red
1060 1089 1237 1169 fortunam
1264 1109 1361 1151 meum

99 1183 396 1265 utiqueaeaueudo:
415 1185 549 1261 captiuos
560 1185 695 1263 siplacet
713 1184 810 1259 reddi,
830 1183 984 1245 bmeertius
1005 1187 1084 1247 douo
1103 1185 1254 1260 damiam
1270 1206 1362 1265 quam

93 1285 197 1364 pretio
207 1284 403 1343 remittemus.
436 1273 648 1341 ¹⁶1ntr0duct'u
662 1280 883 1359 deiudelcgetis
898 1282 937 1343 ad
956 1283 1034 1345 huuc
1053 1284 1177 1344 modum
1190 1284 1359 1363 respoudit:

98 1381 250 1442 Nuntiate
259 1381 369 1467 Darm,
382 1375 576 1461 [gratiaram
589 1379 741 1439 actionem
749 1378 836 1457 apud
840 1378 953 1439 laertem
959 1399 1219 1458 superuacaneum
1228 1401 1299 1457 eree,
1314 1380 1358 1464 et]

98 1498 156 1552 me,
173 1475 392 1558 quaefbcerim
407 1474 569 1557 clementer
579 1481 610 1533 et
621 1472 796 1552 liberaliter,
818 1494 883 1535 ama
900 1479 1057 1539 amicitiae
1066 1480 1132 1539 eius
1147 1475 1297 1553 tribuure,
1311 1478 1361 1539 red

99 1582 234 1635 maturae
245 1592 329 1634 meae
353 1566 377 1609 ¹⁷
388 1568 471 1653 [mec
482 1569 626 1631 aduersas
633 1573 833 1649 calamitates,
843 1572 896 1632 sed
905 1572 1048 1635 aduersus
1055 1573 1187 1635 ausuum
1199 1576 1280 1635 uires
1292 1595 1360 1636 core

101 1671 252 1756 tendere}
281 1670 405 1730 Bellum
424 1687 495 1728 cum
508 1669 637 1746 captiuis
650 1676 681 1729 et
686 1668 823 1749 ferinis
838 1690 945 1748 gerere
962 1689 1027 1731 acu
1048 1671 1143 1732 solem
1164 1679 1310 1733 ammius
1324 1674 1364 1733 rit

100 1776 230 1848 oportet,
256 1786 344 1845 quem
364 1765 489 1826 oderim.
529 1758 655 1834 ¹⁸de
672 1768 702 1825 si
720 1767 828 1827 saltem
842 1785 956 1845 pacem
976 1764 1056 1829 bonu
1068 1767 1137 1848 fide
1155 1776 1289 1846 peteret,
1313 1770 1360 1831 de-

100 1865 261 1927 liberarem
271 1863 435 1946 forsitan,
463 1882 507 1922 aa
530 1862 644 1923 dorem.
695 1863 805 1925 Verum
827 1863 995 1939 enimuero,
1025 1884 1119 1943 quum
1140 1864 1230 1927 modo
1251 1866 1363 1926 militer

100 1981 180 2022 meos
200 1963 313 2023 litteris
330 1959 375 2019 ud
384 1958 602 2036 proditimem,
627 1960 715 2020 modo
735 1959 848 2019 amicos
866 1957 911 2018 ud
922 1962 1092 2037 perniciem
1110 1982 1212 2023 meam
1225 1966 1363 2042 pecuum

99 2060 251 2134 sollicitet,
273 2057 317 2118 ad
335 2058 572 2119 amteraecioaem
592 2056 672 2117 melei
684 2055 910 2136 persequendus
928 2063 987 2131 est,
1005 2076 1069 2118 aon
1089 2066 1127 2119 ut
1144 2062 1244 2119 cartus
1260 2060 1361 2135 horter,

100 2155 153 2215 sed
169 2162 208 2214 at
224 2173 386 2233 percussor
402 2154 561 2233 veneficus.
600 2146 626 2190 ¹⁹
637 2151 830 2215 Conditioner
852 2172 922 2214 uero
936 2155 1041 2231 pacis,
1069 2175 1147 2233 quar
1166 2154 1309 2235 ffcrtir,
1337 2161 1364 2218 si

100 2271 251 2330 accepero,
269 2253 414 2311 uictorem
433 2271 502 2310 eum
513 2251 660 2330 faciunt.
705 2251 790 2319 Quae
801 2257 875 2329 post
890 2250 1072 2329 Euphraten
1091 2261 1173 2330 suat,
1193 2252 1363 2317 liberaliter

101 2348 205 2409 domat.
253 2345 310 2408 Ubi
329 2347 429 2424 igitur
450 2367 497 2406 me
518 2346 692 2425 affamini?
714 2365 821 2424 nempe
840 2347 927 2406 ultra
948 2347 1129 2426 Euphraten
1151 2369 1229 2412 sum.
1271 2352 1363 2412 Sum-

100 2465 186 2505 mam
198 2464 270 2523 ergo
284 2444 370 2518 dotis,
390 2462 484 2521 paam
491 2446 655 2522 promittit,
675 2444 842 2504 termimum
863 2450 967 2503 carba
985 2463 1053 2503 mea
1073 2450 1245 2511 transeunt.
1278 2450 1365 2509 Hinc

101 2562 149 2601 me
172 2542 318 2620 depellite,
341 2548 379 2600 ut
399 2542 504 2615 sciam,
524 2548 657 2600 uestrum
677 2560 750 2615 erse,
773 2559 832 2617 quo
853 2540 967 2603 ceditis.
1003 2534 1158 2603 ²⁰Eadem
1178 2540 1364 2606 liberalitate

102 2638 159 2699 dat
177 2637 374 2717 mibifiliam
395 2654 502 2695 sitam:
527 2655 635 2714 nempe
655 2656 748 2715 quam
768 2638 830 2696 scio
855 2637 956 2697 alicui
976 2658 1131 2699 seruorum
1155 2640 1222 2699 ciue
1249 2650 1365 2720 nuptu·

101 2755 180 2796 ram.
225 2735 365 2796 Multum
387 2750 458 2792 uero
480 2732 558 2791 mibi
571 2739 728 2810 praestat,
750 2735 779 2792 ri
794 2752 842 2792 me
864 2734 996 2794 Mazaeo
1012 2754 1160 2815 generum
1178 2724 1366 2815 praeponit!

101 2828 125 2870 ²¹
134 2836 187 2908 Ite,
209 2834 355 2892 mundate
364 2831 435 2908 regi
441 2836 547 2905 uestro,
567 2837 684 2908 etpuae
703 2831 817 2903 amisit,
838 2837 870 2889 et
887 2850 964 2908 quae
983 2831 1084 2892 adbuc
1105 2830 1203 2906 babet,
1219 2836 1365 2911 praemia

101 2951 160 2992 esse
180 2928 266 2990 belli:
284 2928 340 2987 boc
357 2934 481 3005 regente
499 2928 658 3006 utriusque
675 2928 819 2987 terminos
839 2931 938 3007 regui,
960 2928 996 2989 id
1012 2948 1156 3007 quemque
1167 2926 1365 3008 'babituram

101 3028 184 3107 quod
196 3026 361 3104 proximae
382 3024 460 3082 lueis
480 3025 682 3101 assignatum
693 3023 837 3102 fortuna
856 3032 907 3086 est.
952 3018 1050 3109 [²²lit
1063 3044 1112 3086 me
1131 3027 1167 3085 ia
1176 3025 1285 3086 Asiam
1301 3046 1366 3088 aen

101 3124 229 3196 acuisse,
258 3126 296 3178 at
314 3117 352 3177 ab
373 3119 444 3177 allis
466 3119 543 3196 leges
562 3120 746 3195 acciperem,
766 3119 819 3178 sed
832 3127 871 3178 ut
894 3122 966 3183 alia'r
993 3122 1109 3187 darem.
1152 3123 1192 3184 Si
1215 3126 1367 3185 secundm

102 3226 134 3282 et
152 3237 215 3278 aaa
233 3236 297 3300 par
315 3214 394 3275 aiibi
410 3214 501 3274 uellet
520 3211 640 3289 baberi,
653 3211 799 3294 facerem
810 3216 976 3295 forsitam,
997 3240 1075 3298 quae
1090 3222 1180 3300 petit.
1223 3220 1364 3285 Ceterum

172 3469 195 3534 4,
215 3467 255 3532 44,
277 3465 316 3518 12.
358 3465 544 3516 Talentum.
568 3466 609 3514 F.:
637 3463 746 3517 talentis.
787 3469 864 3519 Nicht
881 3484 914 3519 zu
932 3470 1114 3524 verwechsclu
1135 3473 1184 3522 mit
1206 3474 1271 3524 dem
1291 3488 1324 3525 zu
1342 3472 1364 3537 5,

103 3536 475 3603 6,411)θεριοο1ιθιιοιι1·“ι111.
497 3562 527 3570 -
549 3531 572 3598 4,
592 3530 632 3597 44,
654 3532 692 3585 13.
727 3534 875 3602 Opimum
891 3552 1033 3602 requam.
1062 3544 1088 3591 S.
1109 3538 1150 3603 38,
1167 3538 1192 3603 8,
1209 3538 1240 3591 8:
1260 3542 1366 3603 (Antio-

104 3608 193 3670 chum)
213 3604 280 3654 omui
297 3602 322 3652 A
339 3603 417 3652 dacis
440 3602 551 3652 Taurum
568 3608 682 3665 montem
702 3604 809 3670 opimo
830 3620 947 3672 repro,
972 3608 1114 3659 excessisse.
1135 3635 1163 3645 -
1185 3624 1366 3677 occupare.

103 3676 145 3726 F.:
168 3671 295 3740 occupari.
328 3674 352 3721 S.
369 3686 402 3721 zu
420 3669 444 3734 3,
467 3669 488 3735 1,
510 3669 533 3721 7.
553 3698 584 3706 -
610 3670 792 3720 discretas.
828 3675 852 3723 S.
873 3675 928 3722 Liv.
948 3670 989 3738 27,
1012 3672 1052 3740 39,
1070 3674 1099 3726 9:
1119 3675 1183 3727 duas
1198 3675 1366 3743 praecalidos

103 3742 184 3807 urbes,
202 3756 293 3806 mapao
309 3741 377 3789 iuter
392 3755 419 3787 se
435 3739 515 3789 maris
533 3745 710 3805 terrarumque
726 3741 844 3807 spatia
863 3740 1052 3807 discretus,
1076 3742 1108 3793 de
1131 3744 1238 3811 imperio
1261 3750 1287 3795 et
1308 3744 1365 3812 opi-

105 3813 149 3862 bus
167 3817 275 3862 certare.

171 3899 194 3966 4,
213 3898 254 3964 44,
277 3896 315 3951 16.
350 3898 549 3966 Respondit.
579 3899 628 3948 Die
645 3900 673 3947 iu
691 3899 740 3948 der
757 3900 829 3950 Rede
848 3902 1009 3952 Alexanders
1027 3903 1049 3965 g.
1072 3898 1110 3952 16.
1134 3900 1173 3953 17.
1193 3899 1235 3953 m.
1253 3900 1290 3955 23
1305 3904 1367 3954 eiu-

103 3973 311 4037 geklarumerten
330 3969 426 4019 Stelleu
444 3973 553 4018 musseu
573 3968 611 4017 als
632 3967 702 4016 nach
719 3968 810 4018 lustin.
833 3967 872 4031 11,
900 3967 1101 4031 minumum
1120 3971 1275 4034 ongesehcu
1293 3985 1367 4021 wer-

104 4043 211 4092 deu—
233 4034 379 4100 4,44,18.
409 4034 760 4086 Adiciet-accionem.
793 4037 817 4085 S.
832 4037 875 4087 bei
893 4038 947 4087 Liv.
968 4035 992 4097 9,
1012 4033 1053 4098 ⁸26,
1074 4035 1105 4087 ὓς
1123 4037 1251 4087 Samnite·
1272 4038 1367 4089 adia·

104 4108 271 4157 termeioaem
290 4105 364 4156 caesi.
387 4132 415 4143 -
435 4119 618 4171 percussor
635 4103 819 4166 veneficus.
851 4106 877 4154 C.
899 4105 1000 4155 schirit
1018 4106 1070 4155 den
1087 4119 1155 4169 ganz
1174 4106 1315 4170 attgemeiu
1335 4120 1367 4156 zu

104 4177 271 4226 nehmenden
290 4173 389 4237 Begriti
407 4187 460 4222 von
478 4186 615 4238 permissor
634 4172 704 4221 noch
722 4171 807 4222 durch
822 4173 874 4223 den
894 4175 989 4222 Zusatz
1010 4186 1063 4223 von
1081 4174 1225 4239 ιοιιοβιιως
1253 4176 1298 4227 eiu
1315 4174 1368 4225 toi-

104 4258 151 4307 ger
169 4244 283 4305 Morder,
305 4243 354 4292 der
371 4241 455 4292 selbst
478 4253 540 4289 zum
560 4239 614 4288 otu
632 4240 707 4288 seins
722 4240 843 4290 Zutlucht
860 4241 962 4290 nimmt.

169 4330 193 4397 4,
214 4329 256 4394 44,
279 4330 318 4382 19,
354 4330 515 4395 Affertis.
536 4328 678 4391 F.:sertir.
702 4356 731 4366 -
755 4346 817 4395 quo
839 4331 974 4382 ceditis.
993 4331 1238 4398 Faquoacelua.
1275 4333 1370 4385 Cedere

105 4399 196 4465 alique
211 4416 250 4460 re,
275 4407 381 4463 gomtss
401 4401 450 4450 der
474 4397 696 4460 ursprunglichen
714 4397 886 4463 Bedeutung:
911 4414 964 4450 von
990 4402 1078 4451 einem
1098 4403 1162 4451 Orto
1179 4404 1238 4453 sich
1258 4402 1368 4453 torthe-

106 4480 215 4530 wegen3
233 4469 289 4518 und
309 4482 340 4517 so
358 4469 430 4516 Curi.
442 4463 466 4528 6,
480 4462 585 4526 mm:
615 4471 739 4530 captae
763 4466 860 4517 urbis
886 4466 1172 4523 titulo—cedens.
1188 4496 1217 4509 ·-
1235 4466 1259 4532 4,
1269 4466 1316 4530 44,
1326 4468 1369 4520 w.

106 4534 288 4651 Scroorepm
306 4535 388 4655 cipe.
409 4535 452 4585 F.:
467 4548 599 4585 seuerum
617 4548 726 4584 suorum.
747 4560 776 4573 -·
797 4532 821 4599 4,
838 4532 879 4600 44,
900 4533 943 4586 m.
968 4534 1286 4603 copiuoiugucuobeu
1300 4539 1370 4589 noch

108 4603 182 4665 Couj.
201 4617 225 4652 u.
264 4604 361 4652 retus.
