2820 4964
92 137 136 201 so
212 172 214 179 -
412 160 417 167 ·
554 133 877 217 mattaratium
1298 40 1358 165 ii

456 250 603 314 ,W

62 303 147 381 =„bas
167 304 277 364 Persae
298 307 407 365 vocant
426 303 557 365 humeris
571 324 665 378 onera
675 293 854 384 portantes:
879 303 909 364 hi
931 321 1022 383 quum
1044 299 1175 362 tolerare
1196 318 1259 361 non
1280 320 1356 380 pos-

62 384 172 484 “sent
194 401 305 499 quippe
327 407 357 461 et
381 400 518 480 procella
539 401 638 462 subito
659 401 758 461 nivem
780 401 938 462 effuderat⁴
954 405 984 485 et
1008 399 1115 458 liumus
1145 395 1263 476 rigebat
1281 397 1376 492 gelu,

29 494 88 597 (
97 494 176 570 nive„
188 494 332 582 astricta)
339 505 447 572 vestes,
464 501 546 577 'quas
567 518 635 558 cum
656 496 784 576 pecunia
806 496 973 577 portabant,
1000 513 1076 555 atrro
1102 499 1132 552 et
1152 481 1397 573 purpura‘iiriss‘ji

56 608 69 620 ¹*
94 585 202 674 signes
224 589 357 668 induunt,
379 591 464 652 nullo
488 593 650 672 prohibere
668 611 753 668 auso,
772 593 1003 673 quumfortuna
1029 587 1109 667 regis
1138 588 1227 648 etiam
1248 589 1357 650 humil-

94 686 173 746 limis
202 686 234 745 in
265 686 363 766 ipsum
397 686 548 750 licentiam
580 690 701 749 faceret.
745 684 937 750 8Praebuere
974 705 1047 766 ergo
1075 685 1265 746 Parmenioni
1292 706 1357 747 non

95 780 256 862 spernendi
277 784 403 863 agminis
433 784 580 864 speciem:
609 785 661 866 qui
692 784 852 846 intentiore
881 805 954 846 cura
982 801 1055 844 suos
1076 781 1162 861 quasi
1186 781 1224 841 ad
1243 780 1357 843 iustum

95 878 244 958 proelium
265 880 370 960 paucis
389 881 572 959 adhortatus,
592 881 677 963 equis
699 880 829 942 calcaria
848 882 931 943 iubet
957 878 1086 940 subdere
1106 884 1136 938 et
1156 877 1219 938 acri
1241 876 1356 956 impetu

95 976 127 1036 in
144 976 261 1037 hostem
284 976 378 1040 evehi.
424 973 485 1040 9Α1
508 979 561 1055 1111,
583 978 635 1058 qui
656 979 712 1039 sub
734 976 876 1038 oneribus
899 983 991 1052 erasit,
1019 973 1138 1041 omissis
1157 976 1213 1052 per
1233 981 1355 1051 metum,

96 1079 256 1150 capessunt
275 1075 388 1152 fugam:
407 1076 512 1136 armati
534 1094 664 1156 quoque,
685 1074 735 1154 qui
757 1092 811 1134 eos
840 1071 1109 1152 prosequebantur,
1135 1071 1243 1131 eodem
1274 1079 1356 1132 metu

96 1188 179 1228 arma
201 1169 311 1229 iactare
329 1177 457 1233 ac'nota
483 1171 658 1234 diverticula
686 1176 789 1249 petere
817 1174 991 1247 coeperunt.
1032 1161 1250 1243 ¹⁰PraelectuS,
1272 1167 1356 1248 quasi

97 1264 210 1343 etipse
233 1267 424 1344 conterritus,
442 1268 594 1344 simulans,
614 1273 721 1328 cuncta
738 1284 850 1345 pavore
876 1262 1088 1342 compleverat.
1120 1264 1260 1324 iacebant
1280 1264 1355 1326 totis
1385 1279 1388 1283 ’

96 1360 210 1440 campis
233 1380 307 1440 opes
328 1365 436 1444 regiae,
459 1366 510 1426 illa
539 1363 668 1445 pecunia
697 1361 860 1455 stipendio,
876 1359 989 1458 ingenti
1019 1360 1145 1421 militum
1168 1367 1357 1439 praeparata,

96 1457 148 1518 ille
170 1457 268 1519 cultus
288 1466 333 1520 tot
355 1461 500 1522 nobilium
520 1462 664 1537 virorum,
688 1467 734 1520 tot
756 1440 1129 1532 illustrium'teminarum,
1157 1476 1249 1517 aurea
1274 1477 1355 1533 vasa,

96 1554 286 1632 aurei-freni,
312 1557 504 1619 tabernacula
531 1556 624 1637 regali
655 1555 874 1635 magnificentia
900 1562 1013 1631 ornata,
1039 1548 1060 1592 ¹¹
1068 1552 1205 1616 vehicula
1233 1572 1356 1634 quoque

98 1724 261 1784 termonalc;
284 1721 513 1773 und-reichhcher
534 1723 636 1772 Selinee
655 1721 707 1772 salit
726 1734 779 1770 von
797 1719 848 1771 den
867 1719 1004 1784 Gcbirgen.
1031 1748 1062 1755 —
1089 1717 1174 1769 Nive
1193 1718 1356 1771 astricta.

96 1791 144 1838 Die
163 1791 241 1852 Ausg.
262 1791 494 1842 uudHandschr.:
521 1789 545 1838 b.
571 1806 594 1841 r.
620 1788 712 1854 peln,
736 1795 801 1837 tum
824 1788 997 1838 astrictas
1016 1795 1139 1839 aester.
1183 1787 1264 1838 lenes
1286 1789 1357 1838 nach

97 1857 248 1909 Coniectum
289 1858 373 1920 Vergl.
396 1860 423 1908 C.
442 1857 465 1920 5,
483 1856 527 1918 21,
549 1855 595 1907 13:
621 1857 672 1904 iter
692 1856 821 1922 perpetuis
852 1855 959 1904 obsitum
985 1855 1134 1916 nivibus,
1162 1862 1250 1921 quas
1276 1856 1356 1919 [ri-

96 1924 195 1989 poris
222 1924 271 1972 cis
297 1923 376 1990 palu
400 1926 629 1975 astrinxerat.
650 1921 674 1984 8,
700 1921 740 1984 14,
760 1920 789 1972 6:
816 1922 890 1972 multi
914 1930 1111 1990 prostraverant
1142 1922 1211 1972 humi
1236 1939 1357 1990 corpora,

98 2007 251 2056 quamquam
270 1991 402 2040 imbrem
421 1995 469 2042 sis
486 1993 637 2060 frigoris
657 1997 822 2042 concreta
841 1990 923 2056 palu
939 1992 1176 2043 astrinxerat.
1199 1989 1226 2051 7,
1250 1989 1356 2052 12,11;

98 2059 169 2108 altae
185 2060 239 2108 nia
250 2075 279 2107 es
296 2069 413 2125 premunt
433 2069 536 2121 terram,
554 2059 634 2127 pelu
652 2067 676 2108 et
690 2066 813 2126 perpetuo
828 2075 910 2125 paerte
920 2060 1006 2126 ripere
1022 2060 1252 2109 constrictae.
1266 2061 1356 2111 lustin.

97 2122 138 2189 24,
159 2125 183 2190 8,
203 2123 249 2176 14;
270 2127 366 2176 assidui
384 2128 475 2178 imbres
494 2137 519 2178 et
536 2127 615 2195 palu
632 2128 691 2177 nia
709 2135 879 2180 concreta.
1202 2129 1204 2133 ⁴

164 2215 190 2277 3,
211 2214 251 2279 34,
271 2215 296 2269 8.
337 2217 531 2270 latentiore
549 2236 643 2270 cura.
688 2222 713 2273 S.
731 2215 755 2281 4,
773 2215 816 2280 47,
838 2217 861 2268 1.
883 2215 907 2280 4,
924 2214 965 2280 48,
984 2214 1023 2268 11.
1061 2219 1113 2267 Lis.
1131 2215 1172 2278 30,
1191 2214 1232 2279 28,
1250 2214 1281 2268 9:
1307 2234 1357 2284 pua

97 2285 177 2350 napis
195 2285 223 2335 in
237 2287 408 2353 propinquam
424 2305 480 2338 eam
498 2287 661 2340 imminebant
681 2287 779 2350 animis,
808 2303 835 2335 ec
859 2301 961 2335 curae
984 2281 1190 2334 intentioris
1217 2292 1282 2338 erat.
1318 2286 1355 2336 lb.

97 2349 141 2412 23,
160 2351 202 2415 19,
224 2351 271 2403 11:
289 2354 377 2405 dentem
395 2356 590 2406 intentiore
608 2355 769 2405 custodia
788 2360 898 2406 cautum
914 2368 947 2391 -·
971 2353 1014 2402 ad
1030 2353 1154 2402 iustum
1170 2352 1356 2419 proelium.

97 2419 192 2471 Iustum
199 2421 324 2488 proelium
331 2431 368 2472 est
370 2422 482 2491 plenum,
492 2425 590 2474 directa
598 2424 654 2473 acie
663 2429 764 2488 totoque
771 2422 885 2472 commta
894 2421 1050 2470 commissam
1056 2420 1091 2470 ari
1097 2420 1267 2485 differentiam
1272 2422 1357 2471 mino·

96 2503 154 2538 rum
169 2491 371 2555 conpressianum
387 2500 411 2541 et
430 2493 613 2544 velitationem.
634 2494 669 2542 So
679 2491 850 2552 Oudendorp.
870 2489 944 2541 Docb
961 2490 1008 2538 hat
1027 2490 1075 2540 der
1083 2490 1225 2541 Ausdruck
1242 2492 1357 2542 manche

98 2557 197 2607 lcinere
214 2560 347 2609 Nliancen.
387 2561 472 2626 Vergl.
492 2564 545 2612 Liv.
564 2558 607 2620 29,
628 2558 671 2620 31,
693 2557 734 2608 10.
754 2557 800 2609 11:
819 2557 877 2607 inde
893 2556 1024 2606 nocturnis
1040 2557 1125 2623 primo
1150 2572 1183 2607 ac
1205 2558 1356 2620 furtivis

98 2623 376 2690 incursionibus,
399 2629 487 2678 dmnde
506 2635 625 2696 aperto
646 2625 848 2686 latrocinio,
863 2625 958 2689 infesta
976 2625 1062 2674 omnia
1082 2625 1356 2675 circaesses-iam-

99 2708 147 2757 que
162 2693 225 2742 aileu
243 2692 349 2744 licenter
368 2695 508 2759 eludebant,
527 2703 557 2746 ut
577 2723 609 2732 -
623 2694 721 2762 plnres,
740 2709 816 2760 quam
835 2693 929 2742 iusto
950 2707 1026 2758 saepe
1049 2692 1084 2741 in
1110 2691 1214 2753 bella,
1233 2692 1356 2743 Kartha-

96 2760 247 2824 piniensium
265 2763 385 2814 caderent
405 2773 613 2832 caperenturpue.
648 2763 686 2816 lb.
706 2759 808 2825 2228,
831 2759 877 2812 13:
903 2759 1017 2828 perlitum
1043 2760 1111 2809 acies
1136 2760 1203 2809 inter
1244 2760 1357 2811 erculsos

98 2828 228 2895 impauida
243 2830 300 2880 sela
317 2840 383 2894 mat,
401 2834 592 2899 uidebaturque,
607 2827 632 2881 'si
648 2832 744 2880 iusta
760 2838 806 2880 aut
821 2829 844 2878 si
862 2835 962 2878 recta
983 2843 1098 2894 pupna
1124 2835 1197 2889 esset,
1253 2829 1357 2896 utiqua-

99 2912 175 2960 quam
194 2899 279 2963 impar
294 2901 392 2963 [utura.
414 2929 442 2939 -
463 2902 563 2951 erebi.
589 2901 629 2950 F.:
653 2898 746 2951 inuehi.
780 2901 806 2949 S.
823 2896 848 2959 7,
865 2896 908 2957 31,
930 2894 977 2946 35:
1000 2896 1083 2962 ipsum
1105 2895 1261 2962 praevalens
1278 2914 1356 2963 equus

98 2964 210 3096 cebepap,
229 2983 278 3031 quo
298 2969 398 3034 saepius
417 2969 445 3018 in
465 2985 555 3019 cuneos
573 2967 741 3017 barbarorum
761 2966 846 3032 effusis
866 2964 968 3016 habenis
995 2971 1132 3014 erectus
1155 2980 1250 3030 mapna
1269 2973 1357 3032 strape

99 3046 140 3080 eas
171 3049 188 3081 u
206 3041 271 3082 erat.

166 3120 191 3183 3,
210 3121 253 3187 34,
273 3123 298 3175 9.
337 3125 487 3176 Omissis.
523 3127 610 3178 Ueher
627 3127 755 3190 Beispiele
777 3125 910 3176 ihnhcher
932 3125 1018 3174 Kitrze
1042 3137 1062 3174 s.
1082 3138 1115 3174 zu
1130 3121 1156 3185 3,
1175 3122 1217 3185 31,
1239 3123 1278 3175 17,
1316 3128 1356 3176 Da

101 3189 158 3238 hier
174 3191 219 3238 snb
237 3193 353 3241 oneribra
372 3196 542 3259 rorausgeht,
562 3209 592 3245 so
612 3197 682 3244 kann
702 3195 750 3244 der
766 3193 908 3244 Ausdruck
926 3206 972 3242 um
990 3205 1021 3242 so
1041 3194 1158 3256 weniger
1174 3193 1303 3244 anllallen.
1325 3221 1353 3229 -

98 3260 410 3325 prosequebantur.
439 3261 721 3329 F.:persepuebanlur.
755 3263 781 3312 S.
799 3275 832 3309 zu
852 3258 876 3322 3,
894 3258 918 3322 8,
937 3256 1028 3308 24-
1064 3257 1155 3321 3,34,
1177 3259 1217 3310 10.
1254 3261 1357 3322 Quasi

101 3332 133 3373 et
149 3326 159 3374 i
164 3343 220 3393 pse
241 3330 471 3394 conterritus,
495 3330 672 3380 simulans.
708 3331 784 3378 Zwar
804 3331 839 3378 ist
856 3330 899 3378 dic
919 3328 1082 3391 griechische
1100 3329 1289 3379 Construction
1308 3331 1356 3383 des

100 3407 169 3444 nom.
191 3410 213 3446 c.
231 3399 275 3448 inl.
293 3399 362 3448 nach
380 3399 454 3449 verb.
476 3403 543 3450 sent.
563 3413 587 3448 u.
606 3399 670 3448 decl.
690 3397 733 3447 bei
752 3400 860 3459 spitern
880 3398 1020 3446 Lateinern
1042 3397 1219 3459 nacbgeahmt
1237 3400 1355 3448 worden.

101 3462 136 3509 So
153 3464 213 3513 Tac.
235 3466 324 3516 histor.
342 3463 368 3527 4,
380 3465 427 3517 55:
444 3467 498 3532 ipse
516 3483 528 3515 e
546 3464 684 3515 maioribus
698 3465 750 3513 suis
767 3463 845 3512 bostis
866 3480 926 3529 pop.
943 3479 1007 3512 rom.
1028 3479 1104 3532 quam
1125 3463 1208 3512 socius
1230 3465 1356 3516 iactabat.

26 3568 27 3571 ,
100 3529 193 3579 lodess
211 3537 300 3595 erregt
326 3535 375 3585 das
402 3535 586 3598 hinzugeltigte
606 3533 681 3599 quasi
700 3533 849 3583 Bedenhen.
876 3532 924 3581 Die
945 3532 1132 3595 regelmtisslge
1151 3534 1254 3582 Constr.
1274 3534 1358 3583 findet

100 3597 156 3645 sich
175 3596 201 3656 4,
221 3597 245 3659 5,
264 3598 311 3649 29;
329 3601 451 3651 simulans
472 3618 489 3651 a
508 3601 594 3652 Dareo
613 3618 640 3650 se
655 3617 707 3650 esse
719 3599 893 3667 praemissum.
932 3601 1064 3650 Zuweilen
1088 3599 1152 3662 lolgt
1178 3599 1259 3664 quasi,
1288 3616 1310 3650 z.
1329 3603 1355 3650 B.

99 3664 181 3714 Plaut.
202 3667 273 3717 Pars,
293 3665 319 3728 i,
344 3668 368 3732 5,
389 3669 420 3720 5:
438 3669 482 3719 ubi
501 3677 633 3735 arpentum
653 3668 684 3718 ab
702 3667 750 3716 hac
762 3666 898 3733 acceperis,
914 3664 1041 3728 simulmo,
1054 3667 1128 3733 quasi
1145 3683 1188 3716 eas
1199 3669 1358 3734 prorsumin

99 3745 196 3783 narem,
225 3736 334 3787 Danaen
353 3739 424 3790 hier:
446 3739 519 3805 quasi
539 3738 632 3804 etipse
655 3736 807 3787 conterritus
825 3733 928 3800 (00001),
954 3734 1085 3786 simulans.
1104 3762 1132 3771 -
1150 3743 1274 3786 cuncta
1289 3753 1356 3803 pa-

100 3815 180 3848 uore
197 3803 451 3869 compleuerat,
471 3808 522 3857 wie
542 3804 580 3868 10,
604 3805 643 3868 15,
659 3804 691 3855 8:
709 3804 769 3871 napi
783 3810 807 3853 et
820 3802 1066 3867 furentibussimiles
1078 3809 1157 3852 totam
1166 3802 1358 3854 urbetnluetu

101 3882 317 3921 acmaercre
336 3873 608 3940 compleuerant.
644 3877 718 3924 Caes.
737 3872 794 3922 bell.
825 3872 882 3935 gall.
909 3869 932 3934 5,
952 3869 986 3922 33
1009 3873 1069 3922 lim:
1091 3877 1121 3919 ut
1145 3871 1298 3921 clamore
1319 3888 1358 3923 ac

99 3933 189 3997 fietu
207 3939 318 3989 omnia
336 3939 594 4006 complerentur.
617 3968 646 3978 -
667 3940 771 4004 freni,
794 3942 853 3990 eine
870 3941 971 3991 seltcne
991 3939 1070 3990 Form
1090 3940 1138 3991 des
1156 3941 1286 3990 Nominat.
1327 3943 1352 3990 S.

101 4006 199 4068 Zumpt
215 4009 329 4059 Gramm.
351 4013 373 4075 5.
392 4007 433 4061 99.

167 4095 191 4160 3,
213 4096 253 4162 34,
274 4098 313 4150 11.
349 4100 386 4150 Si
405 4115 470 4167 qua
493 4115 546 4148 res
573 4100 760 4150 auaritiam
785 4105 995 4150 moraretur.
1037 4099 1090 4148 Das
1111 4099 1168 4148 Bild
1192 4099 1358 4150 war-selbst

101 4163 142 4213 hir
162 4168 204 4217 die
221 4169 367 4220 Plitnderer
386 4169 556 4230 schreclrhch,
575 4169 601 4217 in
621 4182 651 4219 οο
668 4168 725 4218 lern
740 4168 841 4218 damals
859 4168 954 4231 irgend
972 4167 1067 4217 einmal
1080 4168 1123 4217 ein
1136 4167 1286 4217 besondcrs
1307 4181 1356 4216 er·-

100 4233 408 4288 schittternderhnbliclr
428 4239 485 4287 ihre
494 4236 608 4298 Habgler
625 4237 750 4296 bemmte,
768 4237 807 4285 sie
823 4249 871 4284 zur
880 4236 1031 4298 Besinnung
1050 4234 1170 4284 bracbte.
1204 4235 1286 4286 oder:
1309 4236 1358 4286 das

100 4299 156 4351 Bild
175 4311 247 4353 ware
263 4306 348 4356 selbst
367 4306 409 4356 sair
429 4304 796 4356 dioPlttndererschreclthch
805 4317 936 4367 gewesen,
950 4317 1027 4352 wenn
1038 4316 1067 4352 00
1079 4302 1231 4364 uberhaupt
1241 4304 1356 4366 moglieh

101 4375 180 4430 ware,
199 4373 262 4423 dass
281 4374 374 4437 irgend
392 4377 476 4424 etwas
495 4374 537 4423 die
554 4372 741 4435 Befriedigung
761 4373 810 4421 der
837 4370 952 4434 Habgler
972 4371 1067 4434 jemels
1086 4370 1219 4420 auhrallen
1247 4371 1357 4420 libante.

103 4437 126 4484 S.
145 4451 179 4486 zu
199 4441 270 4490 Cart.
289 4440 312 4503 3,
330 4439 354 4503 8,
373 4438 414 4490 26.
436 4469 463 4478 -
489 4439 737 4492 cernebantur.
760 4441 795 4489 So
812 4440 880 4489 nach
897 4440 985 4502 Conj.;
1005 4439 1048 4488 die
1059 4439 1170 4502 Vulgata
1189 4436 1357 4486 erueban-

102 4510 156 4550 tur
175 4507 300 4558 schliesst
317 4511 373 4560 sich
389 4523 475 4573 ganan
494 4524 545 4560 nur
566 4523 600 4559 an
618 4510 666 4559 das
693 4509 783 4558 Lctzte
811 4522 858 4558 an:
883 4504 940 4556 alia
961 4506 990 4556 in
1013 4506 1118 4556 ‘coenrtm
1142 4505 1263 4561 anaema.
1303 4507 1358 4556 Ans

102 4575 164 4624 dem
184 4575 356 4636 specialioren
377 4578 455 4628 Wort
474 4583 546 4628 wire
566 4577 611 4628 die
630 4577 785 4640 allgemelne
802 4577 952 4639 Beziehung
977 4589 1010 4626 zu
1033 4575 1155 4636 nahmen,
1175 4574 1227 4625 uie
1247 4575 1317 4626 auch
1333 4572 1356 4636 4,
