2820 4964
106 198 169 262 ean
578 195 618 274 o.
639 192 780 255 cuuru
801 192 898 255 nuru

109 372 284 447 coeperunt.
327 362 419 426 ⁴Erat
447 383 544 444 prope
571 364 729 426 continuus
757 363 837 424 coeli
863 363 974 441 fragor,
1004 366 1035 421 et
1057 361 1170 441 passim
1196 362 1371 425 cadentium

108 465 264 526 fulminum
291 462 408 541 species
436 462 596 523 visebatur.
639 461 842 540 Attonitisque
868 458 990 520 auribus
1021 464 1144 537 stupens
1175 477 1287 537 agmen
1314 474 1390 520 nec·

109 560 252 639 progredi
282 578 338 619 nec
361 559 526 619 consistere
547 559 685 621 audebat.
730 553 827 617 ⁵'l'nm
849 566 974 634 repente
997 554 1093 615 imber
1122 552 1301 634 grandinem
1329 556 1373 616 in-

110 657 224 718 cutiens
249 656 391 717 torrentis
419 657 510 716 modo
535 655 703 716 effunditur.
745 653 791 713 Ac
820 652 919 731 primo
948 651 1067 731 quidem
1090 652 1183 714 armis
1208 652 1276 713 suis
1301 654 1372 714 tecti

110 759 299 831 exceperant,
324 753 378 813 sed
399 752 455 812 iam
476 771 532 812 nec
555 750 684 810 retinere
705 769 787 809 arma
813 748 950 809 lubricae
972 754 1002 808 et
1024 749 1156 827 rigentes
1186 768 1298 810 manus
1318 770 1372 829 pc

110 856 216 923 terant,
239 869 295 909 nec
314 848 372 927 ipsi
395 848 550 922 destinare,
569 847 600 906 in
622 867 711 927 quam
730 849 883 925 regionem
904 844 1096 906 obverterent
1114 864 1260 925 corpora,
1280 866 1371 926 quum

111 946 243 1025 undique
261 945 445 1023 tempestatis
466 943 607 1004 violentia
629 945 733 1017 maior,
757 963 846 1023 quam
865 942 1021 1017 vitabatur,
1040 961 1189 1003 occurret·
1200 948 1243 1003 et.
1268 937 1370 1021 ⁶Ergo

110 1042 265 1103 ordinibus
285 1041 391 1102 solutis
413 1061 469 1120 per
493 1048 588 1100 toturn
609 1040 718 1100 saltum
740 1038 942 1099 errabundum
965 1058 1070 1117 agmen
1093 1039 1266 1113 ferebatur3
1300 1039 1370 1100 mul

110 1138 192 1217 tique
211 1136 295 1214 prius
315 1144 405 1213 metu,
434 1158 522 1218 quarn
548 1137 652 1197 labore
674 1135 834 1213 defatigati,
863 1141 1088 1212 prostraverant
1115 1136 1198 1196 humi
1228 1156 1370 1216 corpora,

110 1252 288 1313 quamquam
311 1234 435 1293 imbrem
456 1235 502 1294 vis
524 1233 645 1312 frigoris
672 1220 816 1293 concreto
836 1230 908 1309 gelu
928 1231 1113 1292 astrinxerat.
1158 1226 1243 1293 ⁷Alii
1267 1254 1302 1295 se
1323 1234 1371 1295 sti-

110 1329 223 1408 pitibus
244 1330 386 1392 arborum
411 1331 619 1391 admoverant:
648 1330 677 1390 id
705 1327 842 1407 plurimis
865 1333 895 1387 et
915 1326 1129 1388 adminiculum
1150 1334 1181 1389 et
1208 1331 1371 1410 suffugium

111 1432 183 1486 erat.
225 1419 315 1487 ³Nee
335 1426 456 1486 fallebat
475 1429 559 1506 ipsos
577 1426 667 1486 morti
686 1425 789 1487 locum
807 1425 927 1504 eligere,
958 1444 1050 1504 quum
1074 1425 1247 1487 immobiles
1276 1428 1371 1489 vitalis

111 1521 195 1581 calor
212 1521 374 1604 linqueret:
406 1524 461 1584 sed
480 1530 564 1603 grata
584 1528 648 1583 erat
668 1521 787 1601 pigritia
809 1541 975 1601 corporum
994 1521 1132 1600 fatigatis,
1158 1542 1218 1585 nec
1253 1544 1371 1586 recusa-

112 1618 182 1678 bant
202 1619 336 1697 extingui
354 1620 547 1699 quiescendo.
589 1618 712 1697 Quippe
733 1638 796 1679 non
812 1620 973 1680 vebemens
993 1618 1094 1693 modo,
1116 1619 1171 1679 sed
1195 1620 1288 1681 etiam
1307 1642 1370 1701 per-

111 1714 192 1774 tinax
212 1715 257 1776 vis
277 1715 346 1776 mali
364 1716 531 1787 insistebat;
554 1715 722 1795 lucemque,
740 1714 875 1775 naturale
898 1714 1047 1790 solatium,
1071 1721 1193 1793 praeter
1212 1724 1370 1798 tempesta-

111 1815 170 1870 tem
191 1811 271 1872 baud
296 1812 446 1892 disparem
466 1814 548 1873 nocti
575 1813 717 1873 silvarum
743 1830 865 1892 quoqne
892 1810 998 1871 umbra
1022 1819 1242 1890 suppresserat.
1290 1810 1369 1876 ”nex

111 1927 189 1968 unus
211 1908 284 1969 tanti
303 1908 373 1968 mali
393 1909 509 1986 patiens
532 1908 692 1970 circumire
710 1907 828 1982 militae,
852 1908 1028 1968 contrahere
1050 1908 1214 1988 dispersos,
1243 1910 1370 1973 allevare

112 2010 287 2081 prostratos,
316 2005 475 2065 ostendere
503 2005 613 2084 procul
641 2005 794 2066 evolutum
822 2022 859 2063 ex
882 2004 1009 2082 tuguriis
1032 2005 1155 2081 funium,
1186 2008 1368 2092 hortarique,

110 2106 145 2160 ut
164 2102 300 2180 proxima
328 2120 463 2181 quaeque
490 2101 616 2180 suffugia
642 2106 835 2179 occuparent.
877 2095 981 2160 ¹⁰Nec
1006 2100 1069 2161 ulla
1094 2120 1144 2163 res
1170 2105 1270 2184 magis
1286 2106 1369 2168 saluti

111 2196 174 2272 tuit,
194 2218 283 2278 quam
305 2198 386 2277 quod
408 2197 606 2277 multiplicato
627 2198 732 2258 labore
753 2197 949 2258 sufficientem
971 2196 1066 2273 malis,
1096 2199 1207 2279 quibus
1226 2201 1289 2281 ipsi
1311 2223 1369 2264 ces

111 2300 218 2369 serant,
242 2313 342 2373 regem
365 2294 504 2354 deserere
530 2295 755 2355 erubescebant.

194 2391 267 2452 XV.
299 2385 320 2429 11
329 2393 469 2451 Ceterum
488 2392 642 2451 efficacior
660 2391 690 2450 in
712 2388 846 2450 adversis
864 2389 1037 2465 necessitas,
1060 2410 1150 2470 quam
1172 2393 1261 2471 ratio,
1285 2397 1369 2477 frigo

112 2487 153 2548 ris
177 2487 340 2548 remedium
368 2486 487 2547 invenit.
530 2487 673 2548 Dolabris
702 2485 779 2547 enirn
803 2484 894 2546 silvas
921 2492 1054 2546 sternere
1081 2489 1227 2566 aggressi,
1263 2494 1369 2571 passim

112 2603 237 2645 acervos
267 2590 425 2663 struesque
453 2585 665 2643 accenderunt.
718 2577 743 2621 ¹²
751 2580 923 2642 Continenti
942 2582 1082 2644 incendio
1102 2584 1212 2647 ardere
1232 2591 1369 2652 crederes

113 2678 220 2739 saltum
240 2685 270 2740 et
295 2678 346 2739 vix
366 2679 443 2739 inter
461 2680 594 2739 flammas
615 2677 781 2756 agminibus
808 2676 946 2738 relictum
967 2679 1078 2741 locum.
1121 2681 1179 2742 llic
1205 2686 1294 2748 calor
1316 2696 1369 2749 stu

112 2776 213 2853 pentia
235 2776 369 2836 membra
387 2776 556 2850 commovit,
579 2773 782 2853 paulatimque
803 2774 935 2852 spiritus,
955 2794 1044 2856 quem
1069 2778 1264 2861 continuerat
1284 2786 1369 2864 rigor,

112 2891 212 2932 meare
232 2872 328 2932 libere
350 2873 459 2950 coepit.
491 2867 678 2950 1³Exoepere
697 2870 772 2930 alios
793 2876 872 2931 tecta
888 2872 1092 2950 barbarorum,
1114 2896 1195 2956 qnae
1218 2879 1250 2939 in
1272 2882 1370 2942 ultimo

114 2967 190 3029 saltu
211 2969 311 3030 abdita
329 2969 492 3031 necessitas
514 2968 755 3046 investigaverat:
785 2967 864 3028 alios
885 2975 992 3046 castra,
1013 2990 1091 3050 quae
1112 2972 1143 3032 in
1164 2974 1293 3039 humido
1314 2978 1370 3059 qni

601 3060 616 3089 ⁸
1168 3084 1171 3089 .

114 3247 174 3297 gen,
194 3235 236 3284 dte
256 3235 393 3285 iunerhalb
413 3238 486 3286 eines
505 3235 659 3298 gegebenen
679 3235 793 3285 Raunres
818 3236 884 3287 oder
906 3238 975 3288 nach
1000 3236 1154 3302 gegebenen
1171 3242 1309 3297 Gcsetzeu
1332 3247 1371 3295 mit

114 3303 189 3351 einer
213 3304 344 3365 gewissen
361 3304 592 3366 Regelmassigksit
616 3300 779 3351 tortdauern.
816 3305 903 3354 barber
925 3306 982 3355 hier
1004 3320 1067 3355 vom
1085 3308 1178 3371 Heere,
1211 3312 1239 3361 in
1267 3328 1302 3365 so
1323 3316 1370 3365 torn

114 3370 379 3488 qissclr9da3se1lge9aut
403 3373 477 3421 einer
497 3372 668 3420 lleerstrasse
686 3371 857 3435 regetrnassig
883 3373 1049 3439 lovtbevvegt.
1086 3376 1172 3439 Vergl.
1191 3376 1221 3439 5,
1243 3376 1268 3443 1,
1289 3379 1371 3437 3113,

149 3477 154 3499 ,
192 3474 198 3485 .
238 3478 243 3501 ,
295 3479 300 3501 ,
339 3475 345 3487 .

182 3527 208 3588 8,
230 3526 269 3589 11,
290 3527 313 3578 1.
349 3526 537 3578 ll'ulmiunm.
575 3529 628 3578 Der
652 3530 747 3578 Zusatz
772 3528 915 3597 cadentium
939 3533 975 3581 ist
1000 3532 1190 3595 bezeichnend,
1223 3539 1258 3588 da
1283 3540 1373 3603 fulmen

114 3597 279 3657 gewunntich
304 3611 357 3645 von
382 3598 441 3646 dem
471 3597 506 3645 im
524 3597 651 3645 Ztckzaok
673 3611 720 3645 zur
739 3597 808 3646 Erde
838 3598 982 3649 tabrenden
1000 3602 1072 3661 Blitz,
1105 3602 1168 3652 dem
1186 3605 1372 3659 Wetterstratl

115 3662 333 3782 qdaheqtfutuipe
350 3663 423 3729 icti),
440 3662 530 3728 fulgur
549 3664 666 3728 dagegen
684 3678 735 3713 nur
754 3678 808 3714 von
827 3666 889 3715 dom
902 3667 977 3727 Blitz,
995 3670 1020 3716 tn
1040 3682 1071 3719 so
1091 3670 1148 3719 torn
1159 3685 1190 3721 er
1208 3672 1312 3735 glana,
1328 3690 1372 3740 ge-

134 3744 217 3781 raucr
248 3746 297 3781 wir
318 3770 323 3781 .

182 3819 314 3885 8,11,6.
350 3820 590 3872 Astriuoeernt.
625 3825 650 3872 S.
670 3821 694 3883 3,
715 3820 757 3882 31,
777 3820 801 3872 7.
821 3821 845 3885 7,
865 3822 904 3887 13,
924 3822 1010 3875 13.-
1040 3824 1165 3891 8,11,7.
1203 3828 1374 3882 Admone-

116 3898 203 3939 raut.
239 3894 264 3941 S.
280 3888 303 3952 8,
326 3889 366 3949 10,
385 3887 435 3939 38:
466 3889 566 3940 arboris
582 3891 718 3957 prasimae
741 3890 824 3956 stipiti
849 3907 876 3940 se
897 3892 1077 3960 applicuit.
1113 3896 1311 3961 l'ergl.8,15,
1333 3898 1374 3950 lt:

132 3958 237 4008 uaedam
257 3956 450 4025 applicatos
468 3958 588 4007 arborum
607 3959 711 4008 truncis.
732 3984 764 3994 -
789 3956 812 4020 8,
833 3956 872 4021 11,
890 3958 916 4009 8.
943 3960 1050 4013 lllcrti.
1081 3966 1108 4013 S.
1122 3978 1156 4014 zu
1174 3962 1201 4025 7,
1223 3963 1267 4030 26,
1287 3968 1327 4019 13.
1349 3996 1372 4005 -

116 3975 142 4087 5,
161 4024 199 4090 11,
220 4026 258 4077 10.
278 4026 528 4090 sufficientem.
557 4028 581 4076 S.
602 4040 634 4075 zu
654 4024 680 4086 3,
700 4023 742 4086 16,
764 4023 803 4075 19.

183 4126 208 4189 8,
227 4127 267 4189 15,
288 4126 327 4177 11.
364 4127 577 4190 Efficacior.
611 4128 635 4176 S.
654 4122 677 4187 1,
700 4122 741 4186 16,
761 4122 809 4174 211
833 4133 943 4177 ceterum
966 4129 1100 4192 efficacior
1124 4130 1193 4180 omui
1210 4140 1271 4184 urta
1288 4152 1375 4185 ueces-

116 4195 188 4243 sitas.
208 4223 236 4231 -
257 4193 281 4256 8,
304 4193 343 4256 15,
367 4193 404 4244 12.
424 4194 444 4242 S
453 4193 607 4260 tepentia
625 4192 776 4242 urerubru.
809 4195 855 4244 uei
873 4202 1011 4263 torpere
1027 4200 1063 4249 ist
1079 4198 1122 4248 die
1141 4199 1316 4263 Eigcuschalt
1331 4206 1376 4255 des

116 4265 226 4313 Starron
246 4264 301 4314 und
322 4262 542 4324 Uubevveglichen
564 4263 591 4310 in
610 4274 640 4310 so
657 4262 714 4310 seru
734 4261 898 4325 bezeichnet,
926 4265 1026 4315 als'dte
1045 4266 1221 4319 Lebanslrratt
1245 4272 1274 4320 iu
1291 4272 1375 4322 ihrern

118 4331 221 4392 l’riucip
239 4331 353 4393 gelahmt
368 4330 509 4391 erschetnt,
525 4329 651 4378 wabrend
662 4343 723 4378 man
739 4331 778 4379 sie
789 4330 833 4380 bei
853 4337 986 4398 stupere
1003 4346 1056 4383 nur
1072 4335 1098 4382 tn
1120 4334 1197 4385 ibren
1211 4338 1375 4403 Wirlruugeu

118 4399 170 4446 und
192 4399 392 4459 ¹tcusserungen
413 4397 547 4459 gebemmt
564 4397 653 4446 deult.
690 4397 742 4445 Fr'tr
762 4404 863 4464 torpere
880 4400 961 4462 vergi.
984 4400 1039 4451 bea.
1060 4402 1088 4451 C.
1107 4398 1134 4462 1,
1152 4400 1197 4463 51,
1219 4400 1262 4454 13.
1289 4404 1319 4467 1,
1335 4406 1376 4467 bl,

119 4461 157 4511 13.
180 4463 221 4524 10,
243 4463 282 4523 15,
300 4462 325 4512 7.
359 4465 457 4526 Wegen
479 4470 581 4529 stupere
600 4465 626 4512 C.
649 4460 672 4525 1,
690 4462 731 4525 27,
751 4462 789 4515 19.
818 4466 880 4516 Ptin.
901 4469 929 4516 N.
948 4469 978 4517 ll.
1000 4466 1040 4529 11,
1059 4466 1103 4529 ll,
1126 4468 1178 4521 27:
1201 4471 1260 4521 uiui
1281 4482 1377 4525 natura

117 4544 168 4578 uou
185 4530 302 4594 pelmcit,
323 4529 391 4579 ulios
411 4531 452 4579 ad
474 4531 588 4597 frigus
606 4538 748 4597 stupeas
770 4539 904 4585 tautum.

183 4617 207 4677 8,
227 4618 266 4669 15.
286 4619 323 4671 ta
360 4618 495 4673 Abdita.
526 4623 551 4671 S.
573 4636 605 4672 zu
623 4621 647 4683 8,
668 4620 709 4684 10,
729 4620 770 4674 37.
790 4653 821 4662 —
848 4625 886 4676 ia
908 4625 1050 4679 tumido.
1088 4630 1119 4681 ln
1142 4629 1222 4695 Fulge
1249 4632 1301 4685 des
1325 4634 1376 4686 ba-
