2820 4964
277 184 390 249 XLIII.
415 187 563 252 12-18.
583 182 693 251 XLI-V.
715 187 816 251 1-7.
837 181 931 248 xlv.
951 185 1078 251 8-15.
1249 174 1313 249 U

55 359 137 423 000
159 363 190 421 et
212 357 345 439 peditum
367 357 432 420 lere
449 354 538 436 milia,
567 352 686 439 inquis
707 360 791 419 eraut
818 353 970 436 asinarii,
999 354 1089 419 sicuti
1108 360 1178 417 ants
1201 351 1314 417 dicum

56 465 112 535 est,
136 456 325 536 gravioribus
351 455 429 532 telis,
457 474 545 535 quam
574 461 608 517 ut
635 461 706 534 apte
729 455 832 517 excuti
859 459 993 534 possent.
1037 445 1161 532 ⁷Ipsum
1187 450 1316 518 vehebat

56 555 234 634 elephantus
271 572 364 633 super
394 557 510 612 ceteras
542 551 648 614 beluas
676 550 818 626 eminens,
856 569 998 632 armaque
1027 569 1103 612 auro
1125 556 1161 612 'at
1188 554 1314 628 argento

56 651 197 715 distincta
214 667 327 728 corpus
345 669 433 710 rarae
453 647 663 724 magnitudinis
684 647 891 710 honestabant.
919 649 977 708 Par
992 647 1108 709 animus
1120 645 1228 712 maon
1248 664 1313 708 cor·

56 749 152 829 poris,
173 752 212 823 et,
232 752 343 828 quanta
362 746 440 806 inter
459 743 550 804 rudes
572 749 692 822 poterat
711 763 787 820 ease,
809 743 964 823 sapientie.

142 857 239 918 XLV.
281 851 489 917 ⁸Macedonas
512 872 574 914 nou
594 859 775 932 conspectus
796 853 925 914 bostium
947 853 1054 929 solum,
1072 853 1128 915 sod
1148 854 1238 916 etiam
1260 855 1316 916 flu-

57 955 154 1030 minis,
176 953 258 1034 quod
281 952 495 1013 transeundum
517 955 590 1026 erat,
615 951 789 1030 magnitudo
811 948 951 1012 terrebat.
994 954 1145 1030 Quattuor
1166 951 1198 1012 in
1219 951 1316 1013 latitu-

57 1051 159 1112 dinem
179 1049 275 1116 stadia
293 1049 441 1123 diffusum,
463 1045 617 1126 profundo
642 1046 730 1108 alveo
752 1054 783 1109 et
802 1064 948 1130 nusquam
968 1046 1046 1106 vada
1067 1047 1228 1125 aperIente,
1248 1066 1317 1128 spe·
1359 1082 1361 1086 ·

58 1148 136 1210 clem
160 1146 236 1207 vasti
261 1146 351 1206 maris
378 1147 501 1208 fecerat.
547 1137 634 1204 ⁹Ncc
662 1162 720 1222 pro
740 1143 838 1223 spatio
865 1163 1010 1224 uquarum
1034 1142 1094 1203 late
1118 1145 1316 1223 stagnantium

58 1245 202 1324 impeturn
221 1235 396 1314 coercebat;
416 1241 470 1302 sed
486 1241 571 1321 quasi
586 1240 617 1300 in
631 1245 727 1301 artum
743 1239 922 1302 coeuntibus
940 1237 1023 1318 ripis,
1041 1244 1166 1302 torrens
1179 1247 1210 1302 et
1223 1240 1317 1303 elisus

58 1341 225 1403 terebatur:
247 1338 426 1417 occultaque
444 1356 516 1398 saxa
530 1337 628 1401 Inesse
649 1336 847 1397 ostendebant
859 1335 997 1414 pluribus
1010 1334 1087 1397 Iocis
1102 1337 1203 1398 undae
1215 1356 1318 1417 repen

59 1457 174 1500 oussae.
205 1433 233 1476 ¹⁰
241 1434 419 1517 Terribilior
439 1439 502 1494 erat
517 1433 610 1495 facies
629 1433 721 1512 ripae,
745 1451 834 1512 quam
854 1430 925 1510 eqni
946 1431 1064 1512 virique
1085 1433 1317 1512 compleverant.

59 1536 184 1597 Stabant
212 1533 349 1611 ingentes
376 1539 531 1591 vastorum
558 1547 723 1609 corporum
746 1526 852 1604 moles,
887 1533 917 1587 et
948 1527 986 1588 de
1016 1528 1162 1593 Industria
1186 1528 1319 1591 irritatas

59 1632 211 1694 horrendo
243 1629 373 1690 stridore
400 1645 489 1688 auras
515 1624 685 1705 fatigabant
734 1620 841 1685 ¹1Hinc
859 1623 962 1700 amuis,
991 1623 1058 1689 binc
1077 1626 1172 1688 bostIs
1196 1627 1319 1706 capacia

60 1730 178 1811 quidem
194 1729 293 1788 bonae
313 1725 380 1805 spei
402 1728 528 1804 pectora
546 1727 576 1782 et
597 1712 688 1800 saepe
709 1740 742 1783 ae
761 1728 885 1801 experta
903 1720 1072 1816 improviso
1088 1727 1188 1790 tamon
1204 1740 1319 1803 pavore

60 1831 279 1906 percusserant.
324 1822 446 1901 Quippe
467 1818 613 1882 iubebiles
635 1825 715 1882 rates
736 1839 793 1882 nec
816 1818 905 1900 dirigi
924 1819 963 1880 ad
985 1819 1081 1900 rIpam
1101 1838 1158 1882 nec
1178 1826 1246 1882 tuto
1267 1840 1320 1900 ap-

60 1923 168 2003 plicari
187 1940 278 2001 posse
300 1920 470 1980 credebant.
502 1912 628 1980 ¹²Erant
645 1919 677 1979 in
688 1917 789 1980 medlo
806 1938 892 1980 amne
906 1917 1022 1980 insulae
1037 1908 1172 1997 crebrae,
1193 1912 1228 1982 in¹
1244 1938 1320 2003 quas

60 2028 91 2082 et
110 2020 175 2080 Indi
196 2026 226 2078 et
246 2018 428 2079 Macedones
450 2021 564 2091 nantes,
583 2015 689 2076 levatis
712 2035 805 2096 super
828 2016 927 2098 capita
947 2016 1047 2093 armis,
1068 2017 1241 2082 transibant.
1276 2016 1320 2082 Ibi

59 2118 138 2178 levia
157 2114 274 2193 proelia
296 2112 540 2187 conserebantur,
571 2117 601 2170 et
621 2118 748 2191 uterque
773 2132 828 2173 rex
848 2133 959 2192 parvae
983 2113 1028 2173 rei
1051 2113 1221 2177 disorImiue
1241 2134 1321 2178 sum·

59 2233 126 2274 mae
146 2209 358 2287 experiebatur
375 2211 523 2266 eventurn.
565 2201 739 2267 1³Ceterum
763 2207 795 2266 in
816 2208 1016 2269 Macedonum
1041 2211 1175 2272 exercitu
1203 2213 1321 2275 nmen-

60 2317 121 2370 tate
142 2313 231 2386 atque
253 2301 376 2364 audacia
399 2301 531 2379 insignes
550 2303 634 2362 fuere
658 2303 855 2381 Symmachus
880 2309 910 2365 et
928 2304 1071 2382 Nicanor,
1098 2307 1218 2369 nobiles
1240 2309 1321 2371 iuve-

60 2423 115 2465 nes
138 2409 168 2462 et
190 2405 337 2480 perpetua
362 2397 491 2476 partium
517 2397 657 2458 felicitate
684 2400 723 2459 ad
745 2401 946 2483 spernendum
969 2419 1058 2461 omne
1084 2404 1253 2481 periculum
1273 2425 1321 2466 ao-

61 2498 153 2562 censi.
187 2491 212 2536 ¹⁴
220 2496 295 2577 Quis
315 2493 442 2555 ducibus
463 2493 679 2572 promptissimi
695 2495 835 2557 iuvenum
850 2488 969 2557 Inuceis
990 2497 1082 2558 modo
1103 2500 1207 2560 armati
1226 2492 1322 2563 trans-

60 2615 170 2658 navere
191 2594 221 2655 in
249 2591 384 2669 insulam,
413 2610 501 2672 quum
527 2591 669 2671 frequens
698 2590 794 2654 hostis
821 2592 950 2670 tenebat,
980 2592 1151 2676 multosque
1177 2595 1321 2660 Indorum

60 2693 143 2754 nulla
163 2711 196 2750 re.
219 2689 335 2765 melius,
359 2708 448 2770 quam
466 2686 591 2748 audacia
611 2690 716 2750 armati
735 2689 957 2752 iuteremerunt.
989 2683 1113 2777 ¹IAbirc
1135 2712 1205 2754 curn
1224 2694 1322 2773 gloria

61 2795 209 2871 poterant,
239 2786 265 2848 si
293 2806 424 2868 unquam
443 2784 594 2847 temeritas
618 2784 689 2847 felix
708 2786 855 2849 inveniret
876 2781 1015 2862 modu'm3
1048 2788 1103 2850 sed
1124 2789 1196 2852 darm
1215 2809 1322 2872 super*

61 3042 131 3092 auch
150 3040 266 3089 Bedusta
283 3039 349 3088 oder
366 3038 583 3101 lilumgenanut.
605 3065 632 3077 —·
660 3036 685 3102 8,
705 3034 746 3102 11,
766 3036 791 3089 6.
817 3037 912 3090 Ante.
932 3041 957 3093 S.
975 3037 1001 3104 8,
1018 3038 1062 3102 sl,
1079 3037 1121 3093 28.
1139 3068 1167 3079 -
1196 3012 1279 3105 811,
1296 3041 1321 3095 7,

63 3110 203 3170 Quanta.
233 3102 425 3170 Vagam&
447 3103 486 3154 10.
509 3103 548 3156 11.
613 3130 619 3142 1
986 3154 988 3158 ὗ

128 3213 152 3278 8,
171 3211 212 3277 15,
230 3213 253 3263 S.
286 3213 316 3263 Μ
322 3212 490 3279 equitando.
522 3215 570 3266 Die
590 3217 689 3267 Gro'sse
709 3217 758 3267 des
778 3217 884 3268 Flusses
902 3219 938 3269 ist
956 3219 1030 3269 ulcht
1048 3220 1145 3270 Immer
1162 3234 1193 3272 so
1212 3219 1322 3273 bedeu-

61 3285 141 3335 tend:
168 3285 211 3333 ibn
231 3283 373 3332 schwellen
400 3282 444 3332 dic
461 3283 630 3346 Regengiisse
650 3285 699 3334 des
719 3285 854 3349 Frtthtings
880 3287 935 3336 und
959 3286 1008 3337 dar
1023 3288 1049 3338 S.
1068 3287 1110 3338 W.
1129 3289 1264 3341 Monsuns.
1290 3316 1320 3327 -

60 3353 234 3415 diffusum.
254 3353 280 3399 S.
299 3364 332 3399 zu
347 3347 370 3411 3,
391 3347 413 3408 1,
433 3347 458 3399 3.
477 3376 508 3388 -
530 3351 716 3416 aperiente.
737 3349 1030 3415 8111113811.-
1053 3350 1138 3417 8,15,
1159 3353 1182 3407 9.
1206 3355 1322 3409 Elisus

58 3421 166 3471 bezieht
184 3419 240 3469 stch
260 3417 361 3479 darauf,
394 3417 457 3469 dass
480 3417 525 3468 bei
549 3420 717 3479 rassenden,
743 3421 877 3472 zwischen
895 3435 981 3486 engen
1002 3423 1081 3473 Ulern
1104 3423 1322 3477 damnationes-

59 3490 112 3538 den
134 3489 242 3536 Ftussen
260 3486 308 3535 das
329 3486 439 3535 Wasser
455 3485 494 3534 ott
512 3487 677 3539 schaumeud
703 3489 729 3537 in
751 3489 795 3538 die
816 3489 891 3539 Hobo
911 3491 1014 3552 sprItzt.
1051 3491 1118 3541 lene
1138 3491 1323 3558 Bezeiohnuug

59 3557 184 3605 verdient
201 3555 250 3603 der
268 3553 408 3615 Hydaspes
419 3555 502 3623 asein
521 3555 603 3604 Naana
622 3557 659 3605 im
680 3557 812 3607 Sunskrit:
834 3557 938 3607 Vltusta
956 3557 1301 3622 herastrpteitgeschwiuu.

127 3658 268 3724 8,15,10.
307 3660 398 3725 Equi
417 3662 560 3728 uirique.
590 3666 614 3713 S.
633 3661 657 3727 3,
678 3662 702 3726 8,
722 3661 772 3714 27:
801 3665 898 3781 epicis
925 3665 1078 3732 virisque
1102 3681 1154 3716 non
1172 3683 1245 3732 auro,
1271 3686 1323 3720 non
1391 3696 1395 3703 ·

57 3730 181 3782 discolori
195 3735 270 3790 veste,
296 3727 341 3776 sed
358 3729 430 3791 ferro
453 3737 531 3795 atque
549 3746 610 3779 aere
628 3730 791 3797 salpentibns.
838 3730 906 3794 ,47,
927 3731 956 3781 1.·
977 3733 1057 3783 arinis
1081 3734 1221 3801 insipnibass
1246 3739 1322 3804 eqni

56 3794 913 3932 ttltttflttltbt·attit⁰lttffttlll⁷slt'
936 3816 1046 3852 ''W‘'
1067 3802 1106 3852 ¹⁴³²
1123 3816 1211 3853 “m
1235 3805 1321 3870 Μ’·

124 3969 207 4036 8,15,
228 3971 266 4024 11.
301 3973 390 4023 Hinc
409 3975 526 4036 amnis,
546 3973 816 4027 blachernas:
837 3975 898 4029 binc
916 3977 1003 4042 bottis,
1022 3976 1082 4029 ilinc
1099 3978 1188 4031 anans.
1208 4004 1241 4022 -ι
1266 3979 1322 4031 in·-

56 4038 195 4092 bcbiles
213 4048 318 4090 rotas.
355 4043 428 4092 Nuch
447 4043 535 4104 Ccnj.;
561 4042 651 4095 bisber
671 4043 858 4095 instabiles
877 4052 983 4098 rates.
1018 4048 1054 4096 So
1073 4059 1146 4097 zwar
1164 4042 1189 4109 1,
1207 4043 1233 4110 8,
1250 4042 1281 4099 9;
1298 4048 1323 4099 ei

56 4110 216 4170 admovisset,
233 4107 368 4174 pendentes
388 4117 412 4158 et
429 4108 622 4161 instabiles
638 4111 741 4173 (naves)
759 4110 895 4163 missilibus
913 4113 1000 4165 arceri
1015 4121 1146 4180 poterant.
1171 4114 1243 4167 Aber
1265 4129 1323 4169 was

56 4179 141 4228 solten
160 4179 217 4228 hier
234 4177 338 4237 Sabine,
358 4177 400 4228 die
417 4178 490 4228 nicht
507 4179 558 4231 still
576 4179 681 4240 steten,
702 4179 798 4231 kainon
818 4181 904 4233 leston
919 4182 1005 4233 Stand
1022 4182 1186 4245 gewahrent
1210 4181 1227 4233 1
1232 4180 1323 4235 nba-

57 4243 144 4294 biies
164 4252 234 4295 rates
253 4246 352 4297 heisst:
379 4258 472 4308 wegen
496 4246 544 4295 dar
562 4247 665 4296 Gcwatt
683 4247 731 4299 des
751 4249 871 4299 strumas
887 4250 1000 4301 wardan
1020 4250 1064 4301 die
1081 4249 1180 4301 schino
1198 4252 1273 4303 nicht
1289 4266 1324 4303 nu

56 4314 152 4364 teukan
180 4315 244 4374 sein,
274 4326 336 4363 man
362 4313 456 4363 wdrde
483 4313 557 4364 nicht
581 4315 666 4367 damit
688 4314 755 4367 tiber
779 4316 832 4367 dan
849 4316 924 4369 Ftuss
951 4320 1062 4373 stouern
1084 4317 1139 4368 und
1161 4319 1230 4371 auca
1249 4320 1324 4371 niubt

56 4396 100 4431 am
121 4381 181 4443 Uter
200 4381 296 4433 lauden
314 4383 429 4442 konnen,
446 4382 506 4431 weil
524 4382 668 4446 Stromuug
690 4383 744 4433 und
765 4382 909 4448 Brauduug
925 4399 959 4434 zu
978 4384 1060 4448 battig
1078 4386 1161 4436 saian

123 4488 147 4551 8,
168 4486 209 4551 15,
229 4488 269 4538 12.
307 4479 593 4540 conserebantur.
613 4491 653 4541 F.:
673 4491 845 4542 comerebnnt.
864 4520 896 4528 -
916 4489 1003 4555 8,15,
1024 4490 1064 4544 13.
1086 4491 1321 4544 Felicitate-

55 4559 212 4617 acecnsi,
234 4559 286 4609 wie
304 4555 345 4618 10,
367 4555 406 4619 11,
426 4554 457 4607 1;
475 4572 527 4606 non
544 4564 604 4607 sunt
622 4559 725 4609 ascend
741 4557 867 4626 supplicio
886 4559 1093 4612 commilitum
1111 4559 1264 4623 8111118,
1278 4560 1320 4612 11.

57 4654 85 4662 -
105 4626 262 4692 partiam.
293 4625 366 4677 Ilbsu
385 4639 417 4677 so
437 4625 544 4677 absolut
559 4622 583 4690 1,
603 4623 646 4688 oo,
665 4623 824 4694 inform
835 4627 957 4695 partim
978 4656 1007 4669 -
1030 4625 1115 4693 815,
1135 4627 1175 4680 11.
1197 4628 1320 4683 Italiae.
