2820 4964
15 811 34 838 t)

111 184 172 269 rua
574 181 614 261 o.
638 178 779 241 cunrn
801 178 898 241 nuri

108 349 216 411 liendis
237 347 460 426 efficiendisque
481 347 685 426 velocitatem,
709 349 741 409 in
764 348 884 411 deditos
907 347 1011 424 fidem,
1032 347 1063 408 in
1084 347 1223 427 captivos
1242 348 1370 411 clemen-

108 447 199 521 tiam,
230 447 261 504 in
281 444 484 523 voluptatibus
505 445 661 524 permissis
681 464 802 526 quoqne
822 452 852 506 et
878 443 995 505 usitatis
1016 443 1263 524 temperantiam,
1295 447 1372 508 baud

108 540 258 605 tolerabili
285 540 346 600 vini
371 539 534 618 cupiditate
557 541 698 603 foedavit.
749 536 866 601 ²Hoste
896 548 928 601 ct
954 540 1072 601 aemulo
1101 539 1188 619 regni
1213 550 1372 621 reparante

109 635 328 720 quummaxime
347 635 474 713 bellum,
496 657 594 717 nuper
613 638 760 715 subactis,
780 657 857 719 quos
878 636 1000 713 vicerat,
1018 656 1190 717 novumque
1213 636 1370 717 imperium

108 731 354 815 aspernantibus,
381 733 420 793 de
448 733 496 794 die
517 733 610 795 inibat
631 734 786 811 convivia,
812 734 922 816 quibus
947 732 1074 795 feminae
1096 733 1279 810 intererant,
1309 756 1368 797 uou

15 883 61 928 st·
108 830 228 913 quidem
243 848 316 909 quas
329 828 435 891 violari
451 830 536 890 nefas
555 835 643 906 esset,
665 831 777 911 quippe
799 830 933 910 pellices,
951 827 1099 906 licentius,
1121 849 1212 909 quem
1236 832 1366 908 decebat,

108 946 178 988 cum
196 930 311 986 armato
333 924 433 985 vivere
456 931 601 987 assuetae.
654 922 724 989 ³Ex
754 927 801 989 his
829 947 890 989 una
915 925 1022 1011 Thais,
1049 932 1080 987 et
1101 926 1169 1005 ipsu
1198 928 1365 1003 temulenta,

15 988 34 1029 λ
107 1022 265 1084 maximam
282 1020 362 1099 apud
382 1040 486 1082 omnes
507 1022 643 1084 Graecos
659 1023 804 1087 initurum
824 1023 948 1103 gratiam
969 1022 1106 1099 affirmat,
1126 1020 1155 1083 si
1174 1024 1290 1103 regiam
1300 1026 1365 1085 Per-

107 1140 209 1183 sarum
227 1117 363 1179 iussisset
383 1116 517 1179 incendi:
543 1125 703 1199 expectare
724 1120 784 1181 hoe
806 1140 876 1196 eos,
898 1138 1028 1202 quorum
1050 1118 1142 1179 urbes
1172 1117 1296 1179 barbari
1319 1120 1363 1181 de-

106 1217 227 1279 lessent.
278 1207 393 1275 iEbrio
414 1219 518 1277 scorto
537 1215 574 1275 de
596 1221 677 1277 tauta
696 1236 730 1279 re
750 1217 858 1279 serenti
880 1215 1057 1279 sententiam
1074 1234 1155 1277 unus
1179 1221 1212 1276 et
1234 1215 1319 1293 alter,
1337 1224 1363 1277 et

107 1314 167 1394 ipsi
184 1330 268 1373 mero
292 1310 417 1387 onerati,
437 1310 648 1375 assentiuntur.
690 1314 756 1377 Rex
779 1332 900 1395 quoque
922 1312 1038 1373 avidior
1057 1311 1125 1387 tuit,
1144 1330 1237 1393 quam
1259 1312 1359 1392 patien

106 1411 183 1473 tior:
232 1408 315 1478 Quin
349 1409 450 1487 r'gitar
480 1409 660 1470 aldecimar
699 1411 862 1473 Graeciam
899 1415 930 1471 at
964 1405 1038 1467 arbi
1058 1406 1156 1486 faces
1189 1408 1362 1471 subdimus?

106 1506 237 1567 ⁵Omnes
258 1502 444 1565 incaluerant
461 1524 561 1567 mero:
581 1502 681 1588 ita'que
702 1512 829 1587 surgunt
848 1503 1002 1569 temulenti
1020 1503 1059 1565 ad
1081 1502 1300 1571 incendendam
1318 1524 1362 1566 ur-

106 1605 184 1679 bem,
207 1601 256 1663 cui
272 1600 378 1661 armati
395 1609 601 1679 pepercerant
632 1602 750 1664 Primus
771 1623 826 1685 rex
844 1603 942 1682 ignem
963 1598 1063 1678 regiae
1083 1597 1197 1675 iniecit,
1215 1606 1281 1663 tum
1297 1622 1362 1663 eon-

106 1701 191 1761 vivae
210 1704 240 1757 et
260 1696 386 1756 ministri
407 1694 600 1775 pellicesque.
642 1697 740 1759 Multa
762 1680 855 1760 cicilio
885 1698 1043 1759 aedificata
1069 1701 1133 1755 erat
1162 1698 1263 1777 regia:
1292 1718 1361 1780 quae
1404 1722 1406 1729 ·

106 1793 245 1855 celeriter
268 1791 336 1869 igne
354 1796 505 1868 concepto
532 1790 591 1852 late
610 1793 686 1853 fudit
705 1793 881 1855 incendium
929 1790 1044 1874 ⁶Qnod
1063 1789 1116 1851 ubi
1136 1794 1296 1871 exercitus,
1316 1794 1361 1875 qui

105 1889 186 1950 baud
204 1886 313 1966 procul
334 1886 409 1947 urbe
431 1884 588 1962 tendebat,
611 1889 788 1967 conspexit,
805 1890 960 1951 fortuitum
979 1895 1079 1962 ratus,
1099 1887 1138 1948 ad
1159 1910 1253 1969 opem
1273 1893 1362 1953 feren

107 1985 173 2045 darn
196 1981 359 2045 concurrit.
409 1978 492 2042 ⁷Sed
510 1985 544 2040 ut
562 1982 602 2043 ad
621 1984 801 2046 vestibulum
822 1985 922 2064 regiae
950 1991 1072 2045 ventum
1097 1990 1160 2062 est,
1189 1987 1296 2049 vident
1320 2007 1362 2047 re-

106 2099 173 2159 gem
195 2078 294 2158 ipsum
313 2078 410 2138 adhuc
431 2084 621 2157 aggerentem
643 2081 734 2143 faces.
778 2079 897 2142 Omissa
917 2080 1023 2159 igitur,
1048 2100 1136 2160 quam
1164 2088 1360 2162 portaverant,

105 2196 192 2257 aqua,
210 2174 323 2235 aridam
344 2174 498 2236 materiem
519 2173 549 2235 in
568 2174 738 2239 incendium
761 2175 860 2238 iacere
879 2182 1058 2256 coeperunt.

105 2418 167 2469 liae
187 2415 304 2468 indole
324 2414 456 2466 laesisset.
474 2444 501 2453 -
522 2416 558 2466 in
577 2415 792 2467 deditos-in
808 2417 971 2485 captivos.
988 2418 1028 2468 F:
1044 2417 1072 2469 in
1090 2417 1261 2471 deditis—iss
1280 2420 1361 2489 capti-

105 2488 151 2537 11.
191 2488 269 2537 Diese
292 2487 385 2536 Lesnrt
402 2485 512 2535 enthalt
536 2485 654 2537 diesetbe
679 2487 951 2550 Vorstellungswetse,
978 2488 1047 2536 nach
1073 2488 1122 2538 der
1145 2493 1242 2553 gesagt
1265 2492 1302 2542 ist
1321 2490 1360 2540 boi

105 2556 209 2605 Sallust.
228 2557 283 2603 Cat.
304 2551 330 2613 9,
349 2550 380 2601 2:
401 2552 429 2601 in
447 2551 579 2619 suppliciis
598 2553 701 2603 deorum
720 2554 859 2620 magnifici,
884 2553 952 2603 domi
967 2555 1054 2621 parci,
1073 2554 1107 2603 in
1127 2556 1250 2607 amicis
1273 2558 1361 2623 fide-

108 2621 257 2680 leserunt,
279 2622 334 2671 und
354 2620 399 2669 bei
419 2622 493 2671 Ovid.
510 2623 587 2672 Trist.
604 2619 628 2683 5,
649 2620 672 2684 2,
692 2619 740 2672 36:
762 2638 838 2688 saepe
856 2637 900 2670 suo
921 2620 1006 2671 uictor
1028 2621 1117 2671 lenis
1141 2624 1176 2673 in
1193 2623 1290 2675 leste
1307 2624 1361 2689 suit.

106 2692 132 2741 S.
154 2691 223 2740 auch
241 2691 296 2738 laiv.
317 2685 341 2750 6,
359 2685 401 2749 22,
419 2684 451 2737 4:
474 2688 548 2751 foede
564 2689 599 2736 ia
620 2690 731 2756 captis
755 2705 891 2738 armauere
908 2689 1053 2744 victoriam.
1088 2689 1122 2739 In
1138 2682 1187 2741 mit
1203 2693 1267 2743 dem
1284 2693 1361 2743 abta-

106 2760 144 2809 111
162 2758 318 2809 bezeichnet
336 2758 362 2805 in
382 2757 489 2807 solchen
510 2756 715 2820 Verbindungen
735 2758 779 2808 dte
797 2758 881 2807 Saclra
899 2758 966 2807 oder
983 2759 1091 2820 Person,
1111 2758 1155 2809 bei
1174 2760 1293 2811 welcbcr
1311 2761 1362 2811 und

105 2841 140 2876 an
165 2827 281 2876 welcher
301 2825 357 2875 sich
378 2825 421 2874 die
441 2824 611 2888 Voltziehung
637 2825 685 2876 der
706 2825 844 2889 Handlnng
872 2825 1000 2876 darstellt.
1039 2827 1209 2877 Gewobnlich
1233 2830 1271 2879 ist
1294 2830 1362 2880 daun

105 2907 153 2942 zur
172 2894 355 2955 Bezetchnung
374 2892 422 2941 der
439 2892 550 2942 tetztern
567 2893 609 2942 ein
626 2893 793 2955 ,ldjectivum
813 2894 879 2943 oder
898 2891 1016 2942 Verbum
1035 2893 1198 2957 gebraucht3
1226 2896 1305 2946 allain
1322 2898 1362 2946 ein

104 2961 309 3076 guipstantivum
326 2961 362 3009 ist
379 2960 446 3008 dazu
463 2960 524 3009 dem
541 2961 638 3024 Begrill
654 2962 722 3010 naon
740 2961 813 3011 nicht
833 2960 938 3010 minder
957 2961 1088 3024 geeignet.
1117 2963 1205 3025 Vergl.
1221 2962 1248 3024 1,
1265 2962 1306 3026 19,
1322 2962 1362 3013 19.

121 3063 130 3088 ,
168 3026 194 3090 5,
215 3027 240 3076 7.
981 3062 984 3067 -

172 3115 196 3176 5,
215 3113 259 3173 22,
280 3113 305 3165 2.
343 3113 597 3173 Quurnmaaime.
623 3116 663 3165 F.:
692 3123 744 3164 tarn
771 3116 964 3180 quummaxime.
996 3121 1022 3168 S.
1049 3134 1082 3169 ‘au
1106 3116 1177 3181 3‚5,
1204 3119 1246 3171 17.
1273 3149 1303 3159 -
1328 3123 1363 3173 da

104 3181 173 3242 die,
192 3183 244 3230 wie
256 3178 279 3241 Β,
299 3177 339 3240 12,
359 3178 392 3229 8:
414 3179 610 3244 Spitamenes-
621 3181 656 3230 de
675 3182 728 3230 dic
749 3184 889 3234 convicium
907 3186 1035 3252 apparari
1047 3185 1122 3235 iubat.
1152 3190 1178 3237 S.
1197 3189 1277 3240 lland
1289 3193 1361 3241 Turn.

106 3246 130 3311 2,
147 3264 173 3312 p.
192 3246 258 3297 205:
277 3246 313 3294 de
332 3244 470 3295 dieaibil
486 3254 524 3325 est
539 3248 590 3325 nisi
606 3247 670 3310 die,
692 3248 822 3327 lucente
838 3252 904 3302 die:
930 3270 973 3303 am
1002 3252 1076 3320 Tapa,
1105 3270 1148 3303 ans
1167 3253 1255 3305 bollers
1283 3258 1363 3324 Tage.-

103 3332 155 3365 sson
178 3332 206 3365 eo
234 3322 353 3381 tempore,
377 3329 426 3391 prta
441 3329 569 3430 lppaepora
582 3320 1181 3441 01811ςοέἶιὲοῖιεεὴῗςιέάωῆοιῦιῖεωεήιὲἒὶἰᾷἷῗθ
1196 3321 1360 3443 lpalpspantur³

104 3381 606 3514 111111111111111111111121]1111111
625 3453 674 3502 mit
694 3455 792 3518 Begtnn
811 3455 859 3506 des
886 3425 979 3520 Tages.
1010 3404 1051 3507 111
1075 3458 1119 3507 dte
1138 3408 1250 3511 letztcde
1273 3394 1361 3513 illidi:

103 3533 173 3580 rung
190 3518 259 3567 wohl
282 3519 325 3567 die
342 3517 484 3579 richtigere
501 3518 542 3578 ist,
561 3532 592 3569 so
613 3520 683 3570 kann
701 3520 731 3570 de
751 3521 791 3571 die
810 3524 848 3574 ets
866 3525 1019 3576 Grectsmus
1037 3525 1105 3575 auch
1124 3526 1152 3574 in
1169 3526 1219 3577 dar
1236 3529 1362 3581 tetzteren

103 3587 260 3648 Bedeutung
277 3598 437 3647 genommen
455 3585 575 3635 werden:

171 3672 195 3736 5,
212 3671 254 3737 22,
271 3672 295 3725 3.
334 3673 494 3724 Graecos.
513 3677 553 3725 Fa
576 3674 787 3727 0111111111,-
809 3678 833 3739 5,
854 3677 937 3743 224.
961 3679 1049 3732 Unus
1069 3680 1214 3733 etalter.
1242 3686 1279 3735 So
1299 3686 1362 3736 wird

104 3743 222 3792 ostanus
244 3750 274 3791 et
293 3740 447 3804 attenuans
466 3750 566 3809 atque
584 3739 659 3804 alter,
683 3760 748 3792 unus
765 3745 919 3813 alterque,
943 3764 1007 3797 unus
1026 3757 1088 3799 aut
1109 3748 1178 3799 alter
1193 3756 1298 3816 gesagt,
1322 3766 1362 3802 wo

103 3814 162 3862 cine
183 3811 245 3861 sehr
265 3812 372 3874 gertnge
387 3812 484 3860 anzahl
502 3825 555 3860 von
575 3811 718 3861 Menschen
739 3815 805 3866 oder
822 3818 931 3879 Diogen,
951 3818 1069 3868 diesteh
1088 3819 1234 3881 gleichsam
1252 3821 1362 3871 altman-

102 3880 153 3930 ltcb
169 3878 424 3940 zusammenfinden,
441 3879 598 3930 bezeichnet
615 3880 724 3929 werden
742 3883 796 3932 sotl.
815 3910 844 3920 -
866 3884 1122 3935 assentiantur.
1148 3886 1187 3935 R:
1214 3889 1360 3937 assentiunt.

103 3949 128 3998 S.
147 3943 171 4010 1,
190 3943 231 4008 17,
252 3945 277 3995 7.
300 3973 332 3982 -
361 3946 439 4012 quin
457 3946 574 4012 igitur.
611 3947 696 4010 Vergl.
717 3947 756 4011 10,
772 3947 813 4014 21,
831 3949 878 4002 23:
908 3951 985 4016 quin
1007 3952 1122 4016 initur
1146 3952 1183 4003 ad
1208 3953 1361 4021 diripiasdos

103 4015 234 4133 anappum
259 4013 480 4064 11111111-
504 4015 600 4078 faces
625 4014 808 4066 subdimus.
846 4021 870 4069 s.
893 4015 917 4081 o,
935 4016 977 4082 ei,
1003 4004 1052 4071 a:
1080 4020 1133 4070 sae
1157 4022 1270 4072 saraae
1290 4024 1362 4088 saca

101 4099 138 4132 su
188 4083 248 4135 ita.

170 4173 194 4237 5,
211 4171 255 4235 22,
274 4172 300 4226 5.
334 4172 445 4226 Fudit.
466 4175 491 4224 S.
511 4188 544 4224 zu
564 4171 588 4235 1,
608 4171 647 4237 12,
666 4172 690 4224 3.
711 4201 739 4210 -
761 4171 784 4235 5,
801 4171 842 4236 22,
859 4172 884 4224 6.
907 4174 1036 4226 Procul
1052 4176 1145 4231 urba.
1162 4180 1204 4230 n:
1220 4180 1317 4245 procul
1332 4178 1362 4229 ab

101 4239 170 4291 urbe.
193 4243 228 4293 So
246 4240 315 4292 baud
330 4240 424 4307 procul
440 4240 503 4292 urbe
522 4248 596 4291 erant
615 4239 639 4306 5,
661 4240 699 4304 17,
718 4240 744 4304 5,
764 4240 833 4291 baud
848 4242 944 4310 procul
959 4245 1015 4294 acie
1034 4241 1061 4307 1,
1080 4244 1121 4309 51,
1138 4242 1180 4310 35,
1199 4250 1256 4299 und
1278 4249 1361 4299 tiber-

103 4310 186 4372 haupt
204 4309 256 4359 last
272 4311 368 4360 immor
388 4310 432 4359 bei
454 4312 482 4360 C.
521 4311 649 4359 Indessen
666 4310 737 4359 steht
754 4308 848 4375 procul
872 4310 980 4361 bostium
999 4329 1059 4361 cons
1077 4320 1135 4363 ectu
1153 4311 1177 4378 1,
1198 4313 1240 4379 13,
1262 4316 1295 4367 10
1314 4330 1362 4367 ne-

102 4375 154 4425 ben
170 4374 266 4441 procul
283 4392 301 4424 a
319 4383 455 4442 compacta
470 4376 579 4425 bostium
596 4371 622 4436 1,
645 4374 686 4435 11,
704 4374 745 4425 24.
775 4378 859 4441 Vergl.
876 4380 944 4429 atich
962 4394 995 4430 zu
1013 4379 1039 4441 8,
1057 4329 1098 4445 lo,
1121 4379 1160 4433 18.

171 4465 198 4525 5,
215 4463 258 4527 22,
277 4464 302 4515 7.
338 4466 522 4516 Materiam.
549 4468 591 4516 F.=
616 4466 757 4517 materiam.
797 4470 881 4532 Vergl.
902 4472 930 4520 C.
951 4467 977 4530 1,
998 4469 1038 4533 19,
1059 4470 1108 4522 18:
1133 4473 1302 4524 materies
1326 4492 1363 4523 ea

103 4530 235 4581 Libano
260 4540 372 4582 monte
397 4533 495 4583 ratibus
516 4541 540 4583 et
561 4532 672 4584 turribus
692 4535 816 4597 faciendis
836 4536 1008 4589 advehebatur
1027 4540 1115 4591 neben
1135 4538 1159 4603 7,
1176 4538 1201 4603 9,
1217 4540 1268 4593 32:
1288 4558 1361 4593 ssa-

105 4598 230 4648 teriem
250 4601 555 4652 consternationis
572 4599 770 4653 subtrahendam
787 4610 868 4656 ratus.
896 4606 953 4658 Und
972 4606 1247 4672 cbensoC.5,10,7:
1267 4624 1363 4662 caasa
