2820 4964
184 186 238 248 vl.
260 183 440 248 xxxvtu.
465 185 513 248 18.
538 186 586 249 19.
606 183 760 248 XXXIX.
779 185 927 248 uss-29.
950 182 1184 293 xmo-37⁸
1252 182 1318 249 Μ

55 357 115 434 qui
125 354 360 435 praedicatione
380 356 520 416 iactaret.
556 348 655 415 2⁸Sed
671 343 817 432 quomam
839 355 963 416 oraculi
970 352 1054 434 fides
1081 363 1165 416 certa
1188 359 1252 430 est,
1276 355 1319 414 sit

55 452 130 512 deses
149 473 260 512 causae
274 473 360 513 meae
380 453 469 514 testes.
492 452 633 513 Retiaete
653 470 702 512 me
721 452 758 511 ia
777 453 921 526 aiuculis,
939 452 1014 512 dum
1034 454 1207 513 consulitur
1215 454 1316 513 Ham-

54 569 129 628 moa
149 569 302 637 arcanum
324 557 356 609 et
372 548 526 609 occultam
545 549 649 609 scelus.
695 545 875 630 [laterum]
897 550 953 626 qui
972 569 1073 627 regem
1102 557 1242 633 austrum
1269 550 1318 612 di-

51 653 228 726 gaatusest
237 647 357 725 filiam,
376 647 529 706 samiaem
546 664 661 719 eorum,
679 645 736 722 qui
751 645 845 723 stirpi
863 665 937 705 suae
954 645 1098 706 insidiati
1117 655 1198 722 suat,
1222 649 1319 709 latere

48 746 201 821 potietur.
231 737 259 779 ²⁹
267 745 308 804 Si
322 746 454 804 certiora
473 743 609 803 oraculis
629 741 753 802 creditis
772 760 833 801 esse
854 748 1016 818 tormenta,
1036 763 1075 803 ae
1093 742 1176 803 baac
1196 743 1317 823 quidem

54 839 241 901 exhibendae
261 840 402 900 ueritatis
410 839 510 916 fidem
530 839 680 917 sleprecm.

142 939 208 998 XL.
243 932 389 997 ³⁰Soleut
412 936 460 994 rei
486 936 596 1013 capitis
622 931 763 994 adbibere
787 931 868 994 oola
889 943 1044 1012 parentes.
1090 938 1174 998 Drios
1190 937 1320 1019 fratres

51 1053 113 1112 ego
138 1051 239 1110 aupes
260 1033 369 1107 amisi3
390 1037 514 1110 patrem
535 1050 592 1092 aea
625 1031 778 1092 osteadere
798 1049 923 1109 possum
958 1051 1015 1092 aec
1040 1033 1184 1094 inuocare
1211 1036 1318 1112 audeo,

52 1150 155 1209 quum
176 1137 208 1189 et
231 1131 294 1208 ime
322 1129 407 1187 taati
431 1129 570 1188 criminis
598 1147 669 1188 reus
698 1129 747 1188 sit.
784 1122 935 1188 3¹Parum
961 1136 1008 1188 est
1030 1132 1129 1204 euim,
1157 1138 1204 1191 tot
1230 1133 1320 1193 moda

52 1226 186 1288 liberum
205 1232 382 1304 pareatur,
400 1226 436 1285 ia
454 1227 547 1286 aaico
557 1226 633 1305 filio
650 1226 903 1304 acquiesceatm
924 1243 958 1285 eo
979 1244 1095 1304 quoque
1112 1225 1220 1288 orbari
1225 1277 1234 1305 ,
1256 1231 1321 1291 aiss‘

53 1327 122 1402 ipse
141 1325 176 1382 ia
198 1342 309 1400 rogum
329 1342 430 1382 meum
452 1324 631 1401 imponitur.
667 1316 806 1398 ³²Ergo‚
836 1322 991 1380 carissime
1007 1329 1112 1399 poter,
1142 1332 1174 1384 et
1191 1334 1321 1404 propter

54 1422 263 1481 memoraris
283 1427 456 1480 etmecum.
498 1421 566 1497 Ego
589 1417 646 1478 tibi
671 1404 770 1478 m'tam
798 1417 916 1491 adimo,
942 1414 997 1494 ego
1025 1425 1206 1480 suactatem
1231 1430 1320 1482 taam

55 1520 226 1597 ertsagao!
271 1516 356 1586 dissid
373 1517 455 1575 euim
475 1535 523 1576 me
541 1513 726 1595 procreabas
743 1512 902 1592 infelicem
922 1512 1154 1574 aduersantibus
1174 1516 1256 1577 diis?
1276 1538 1320 1579 aa

56 1616 206 1676 utbosee
228 1635 276 1674 me
287 1613 424 1693 fructus
435 1613 615 1690 perciperes,
637 1613 693 1690 qai
712 1618 742 1670 te
758 1612 909 1670 maneat?
943 1604 971 1648 33
979 1610 1096 1683 Nescio,
1117 1612 1322 1676 adolescentia

56 1733 128 1773 mea
148 1714 288 1772 miserior
308 1711 363 1784 sit,
390 1728 434 1767 aa
454 1715 593 1768 seaectas
613 1715 690 1769 taa:
718 1726 773 1786 ego
790 1709 827 1766 ia
847 1707 911 1784 ipso
933 1703 1039 1766 robore
1058 1710 1169 1768 aetatis
1185 1710 1321 1804 aequor.-

58 1808 118 1870 tibi
129 1808 276 1887 caraifea
296 1807 441 1886 spiritam
461 1805 585 1881 admet,
605 1825 703 1885 quem,
722 1806 752 1864 si
751 1803 896 1885 sortaau
914 1810 1075 1883 expectare
1095 1807 1244 1883 uoluisset,
1264 1829 1323 1870 aa·

58 1915 135 1966 tura
157 1903 304 1984 poscebat.
342 1897 549 1963 ³4sldmoauit
576 1922 624 1962 me
647 1903 752 1981 patris
780 1903 844 1963 mei
865 1903 994 1976 menae,
1031 1920 1125 1979 quam
1157 1904 1263 1965 tems&
1291 1913 1323 1967 et

58 2010 259 2077 cuactaater,
276 2022 354 2079 quae
376 1998 538 2062 Cabaliam
558 2000 714 2060 detulerat
729 1997 773 2058 ad
788 2018 851 2073 me,
875 1999 1016 2059 iudicare
1037 1997 1198 2063 damea.
1242 2004 1322 2064 Par-

58 2101 160 2159 meaio
180 2101 278 2170 euim,
304 2116 399 2173 quum
421 2097 569 2170 audisset,
596 2115 748 2155 ueaeaam
767 2115 788 2154 a
806 2095 950 2174 Philippo
970 2096 1086 2157 medico
1106 2100 1177 2178 regi
1197 2103 1321 2178 parare,

58 2197 210 2257 deterrere
222 2210 290 2250 eum
312 2192 412 2250 uoluit
430 2191 557 2266 epistola
576 2193 701 2269 scripta,
725 2209 784 2267 qao
802 2192 907 2250 aa'aus
925 2191 1180 2255 medicamentum
1202 2193 1322 2274 ubera,

10 2340 13 2349 .
57 2290 144 2370 quod
163 2287 296 2346 medicas
317 2285 392 2343 dare
415 2287 623 2346 coastitsarat.
667 2287 751 2346 Nam
774 2285 924 2346 creditam
943 2294 988 2347 est
1011 2292 1103 2367 patri
1127 2294 1219 2353 aceo?
1243 2311 1323 2355 aum

58 2389 161 2448 ullam
182 2383 397 2442 auctoritatem
409 2385 473 2438 eius
491 2380 613 2440 litterae
633 2374 835 2444 babuerunt?
866 2378 968 2462 ³⁵Ego
987 2387 1058 2463 ipse,
1078 2389 1224 2463 quotam,
1244 2408 1323 2465 quae

60 2484 233 2555 audieram,
254 2478 359 2553 detuli,
384 2496 453 2536 cum
473 2474 606 2536 ludibrio
629 2478 822 2559 aedalitatis
841 2481 982 2557 repulsas
1001 2501 1078 2542 sum.
1121 2484 1159 2543 Si
1176 2491 1207 2543 et
1227 2504 1323 2564 quam

60 2581 251 2650 eradicamus,
284 2576 380 2634 inuisi
411 2581 442 2633 et
462 2591 557 2652 quam
577 2580 729 2648 tacemus,
754 2577 886 2652 suspecti
902 2595 1023 2652 sumas,
1048 2579 1125 2657 quid
1133 2579 1250 2661 facere
1267 2602 1324 2644 aas

10 2706 16 2725 ·
61 2678 201 2756 oportet?
233 2667 260 2710 ³⁶
268 2675 428 2753 Quumque
449 2689 527 2731 unus
553 2689 571 2730 e
605 2669 859 2732 circumstantium
886 2672 975 2734 turba
1002 2673 1211 2754 exclamasset,
1238 2680 1324 2742 Beue

61 2774 179 2833 meritis
201 2791 265 2831 aoa
284 2770 448 2829 iusidiam':
479 2763 655 2843 ³⁷Philotas,
679 2767 783 2843 Recte,
800 2767 904 2850 inquit,
926 2771 1062 2849 quisquis
1082 2792 1121 2848 es,
1143 2775 1227 2836 duis.
1257 2778 1322 2838 Ita-

61 2892 118 2949 que
139 2870 168 2928 si
184 2867 350 2927 insidiatus
367 2885 451 2939 mm,
474 2883 609 2944 poeaam
627 2884 691 2925 aaa
720 2864 876 2942 deprecor,
905 2873 938 2926 et
956 2868 1056 2946 finem
1072 2869 1169 2950 faceo
1192 2871 1322 2951 mendi,

61 2968 205 3046 qaoaiam
227 2963 340 3022 ultima
360 2960 449 3021 uerba
466 2963 581 3041 grauia
601 2969 676 3022 suat
692 2961 760 3023 uisa
782 2959 918 3025 auribm.
960 2962 1130 3028 Abducitur
1148 2968 1257 3030 deinde
1284 2972 1324 3033 ab
1374 2953 1377 2959 ¹

62 3063 115 3138 his,
138 3061 188 3142 qui
207 3059 416 3120 custodiebant
438 3078 514 3120 eum.

131 3224 154 3288 6,
174 3223 214 3288 39,
234 3223 274 3275 08.
301 3224 473 3275 Arcanum.
499 3226 538 3275 F.:
561 3225 589 3275 iu
605 3241 739 3279 arcanum.
763 3228 793 3277 In
814 3229 863 3278 der
882 3230 1081 3293 gewbhnlichen
1099 3233 1255 3301 Bedeutung
1274 3237 1323 3288 des

63 3297 104 3345 W.
127 3296 209 3344 findet
229 3294 285 3343 sich
310 3293 436 3344 ebentaus
455 3291 587 3342 consulere
612 3293 723 3359 aliquem
746 3293 851 3361 aliquid.
875 3323 903 3333 -
932 3297 1078 3349 iuterim.
1116 3303 1254 3354 vietteieht
1271 3319 1324 3368 ge-

62 3365 124 3413 hu'rt
143 3365 200 3412 dios
220 3363 277 3410 hier
295 3363 457 3425 ungehorige
473 3363 528 3412 und
550 3363 645 3412 darum
664 3363 896 3426 eingeklammerte
915 3365 993 3416 Wort
1014 3381 1048 3417 en
1075 3369 1127 3418 den
1144 3371 1247 3435 Aniung
1275 3373 1323 3423 des

62 3433 121 3494 tolg.
142 3433 264 3492 Perage,
283 3431 353 3478 dann
372 3431 466 3480 wurde
484 3444 513 3480 es
534 3431 577 3480 die
595 3431 712 3481 settnere
729 3432 900 3496 Bedeutnng:
921 3432 1105 3497 iudesseu,
1124 3437 1209 3488 doch
1227 3439 1322 3490 huben.

62 3501 90 3548 H.
112 3499 138 3548 E.
159 3499 224 3547 Foss
245 3495 453 3547 vermuthetlu
484 3497 555 3546 iter
581 3498 726 3547 eaimtur
744 3498 852 3549 tuem.
873 3527 903 3538 -
931 3501 1095 3566 diquatus
1119 3505 1323 3569 estss'liuss,

60 3568 112 3615 wie
133 3568 168 3615 im
188 3568 334 3627 Gegensotz
351 3561 375 3626 6,
396 3561 439 3624 43,
455 3514 505 3615 lu:
524 3565 568 3631 qui
584 3563 779 3632 Putuppum
797 3566 1000 3634 dediquotur
1017 3578 1156 3638 patrem.
1177 3575 1322 3640 virgum.

15 3692 20 3703 .
59 3631 84 3694 4,
105 3631 165 3692 535,
185 3630 216 3683 6:
241 3632 424 3698 aemulumque
440 3641 528 3699 petam
544 3633 671 3683 connubia
686 3634 802 3701 supplex,
825 3634 910 3696 Quos
931 3652 975 3703 eqo
995 3637 1044 3688 sisu
1061 3640 1135 3690 toties
1151 3642 1205 3692 iaus
1224 3643 1322 3693 dedi-

57 3708 169 3767 qaatu
185 3700 341 3749 maritos.
364 3701 449 3763 Vcrgt.
469 3696 579 3751 auch'C.
596 3699 623 3761 6,
636 3700 719 3764 41,5;
737 3700 975 3754 Alexandrum
991 3705 1110 3770 filiun
1126 3726 1323 3777 aquescen-

60 3770 112 3820 tis.
136 3796 163 3805 -
191 3765 215 3829 6,
233 3765 275 3828 39,
294 3765 337 3816 39.
361 3767 477 3820 Fidem.
496 3770 570 3818 Nicht
591 3774 673 3820 etwu:
692 3771 788 3822 siau,

127 3857 151 3922 6,
173 3856 213 3922 40,
231 3857 273 3909 30.
308 3858 484 3910 Parentes.
519 3861 573 3910 Dos
592 3861 713 3924 fulgendo
732 3860 795 3910 duos
813 3861 911 3924 fratres
931 3867 1009 3916 weist
1025 3867 1072 3917 out
1089 3867 1134 3919 die
1153 3872 1323 3936 ungewu'hn-

59 3930 134 3989 liche,
164 3943 215 3977 nur
244 3941 293 3976 uus
317 3931 435 3990 sptterm
461 3927 601 3977 Gebrouch
637 3927 839 3979 nachweisbure
865 3933 1022 3998 Bedeutung
1051 3934 1100 3986 des
1124 3937 1245 3989 Wostes:
1288 3937 1324 3988 les

55 4011 159 4063 pareres.
198 3998 223 4045 S.
244 3991 268 4056 4,
288 3991 329 4055 41,
347 3992 387 4044 00.
414 3992 440 4053 8,
460 3991 501 4055 08,
524 3992 562 4045 18.
601 3996 701 4059 Wegen
724 3995 844 4047 adbibere
860 4002 940 4064 vergi.
959 4003 1012 4052 Cic.
1033 4003 1068 4054 de
1088 4015 1126 4054 or.
1155 4002 1323 4068 0,45,189;

56 4063 121 4112 mibi
138 4079 222 4113 omues
242 4063 263 4111 ii
282 4070 370 4124 motus,
394 4077 455 4127 quos
476 4069 567 4111 orator
586 4062 753 4114 adbibere
779 4063 848 4115 uolet
872 4067 999 4122 iudici.
1024 4069 1053 4119 iss
1074 4070 1130 4137 ipso
1147 4073 1323 4127 oratoreim-

55 4132 140 4197 pressi
160 4147 212 4180 esse
229 4138 308 4196 atque
323 4130 402 4178 inusti
420 4128 577 4181 uidebuntur.
600 4157 629 4168 -
649 4132 821 4183 iuvocare.
852 4137 879 4188 S.
898 4133 925 4197 4,
939 4133 982 4198 43,
994 4135 1035 4189 33.
1058 4136 1083 4202 b,
1092 4136 1136 4200 32,
1146 4137 1172 4190 3.
1193 4139 1217 4204 7,
1228 4139 1269 4204 35,
1280 4139 1322 4195 39.

125 4221 149 4283 6,
170 4219 212 4281 40,
229 4220 270 4272 31.
308 4219 474 4270 Liberum.
502 4221 542 4271 F.:
565 4220 710 4276 liberorum.
731 4251 760 4260 —
790 4224 865 4277 uisi.
886 4227 977 4278 ms.
998 4257 1029 4266 -
1060 4225 1202 4294 54030.
1236 4231 1324 4294 Quid

57 4290 155 4352 euim,
182 4296 267 4339 etwas
289 4303 392 4338 warum
409 4289 479 4338 deun
500 4290 577 4342 auch.
613 4292 647 4342 Es
671 4293 765 4343 deutet
789 4293 837 4344 uui
858 4295 910 4346 den
931 4297 1225 4362 Zwischengedsnken:
1252 4301 1322 4353 doch

57 4358 133 4408 nicht
150 4359 227 4419 mich,
244 4358 303 4407 dieb
324 4370 399 4407 muss
418 4357 460 4406 ich
478 4359 619 4422 anklegen:
641 4374 744 4410 warum
764 4387 804 4410 -.
824 4388 853 4397 -
876 4358 900 4424 6,
920 4359 963 4422 40,
980 4362 1023 4417 33.
1044 4365 1109 4416 Eri
1116 4367 1206 4432 pion
1236 4371 1322 4434 Vergl.

56 4425 80 4481 3,
103 4423 144 4488 12,
161 4424 192 4475 5:
211 4424 381 4474 clarissimum
396 4440 585 4489 sequa—ere
618 4435 683 4477 tum
706 4444 760 4476 esse
777 4435 802 4478 et
819 4429 967 4480 eatiuctum·
992 4430 1018 4492 7,
1036 4431 1077 4496 27,
1094 4432 1135 4484 2‘2.
1155 4434 1188 4486 10
1215 4435 1257 4496 15,
1280 4436 1321 4488 10.

56 4523 88 4529 -
106 4492 279 4610 qoscebat.
300 4494 343 4542 F.:
361 4492 515 4558 reposcebat.
539 4521 567 4530 —
588 4444 612 4557 5,
633 4492 676 4556 40,
693 4493 733 4550 34,
757 4495 1008 4549 Constituerat.
1030 4503 1072 4552 Z.:
1091 4475 1266 4554 comtitberet.
1293 4509 1322 4556 S.

55 4578 89 4612 zu

125 4559 235 4621 ,5,18.
271 4559 657 4626 Uebrigeusvergt.3‚1b,t,
679 4593 706 4601 -
729 4562 754 4619 6,
775 4561 814 4626 40,
831 4563 873 4615 37.
901 4563 1062 4619 Auribus.
1092 4571 1130 4622 F.:
1149 4571 1256 4624 sufibus
1275 4590 1322 4625 us-

54 4630 125 4679 seris.
167 4630 250 4692 Vergl.
272 4629 339 4677 ussch'
357 4643 389 4678 zu
410 4626 436 4688 4,
453 4626 494 4687 40,
514 4628 552 4680 17.
697 4669 701 4675 .
1358 4656 1361 4662 -
