2820 4964
107 166 194 245 mis
580 182 621 262 p.
644 179 785 243 cunm
807 178 904 243 nusi
1003 238 1007 243 .

109 350 296 411 solus-nihil
312 351 434 420 timuit,
454 350 537 411 nihil
553 351 692 412 credidit.
736 350 895 429 Omagni
912 350 1016 410 animi
1033 349 1158 410 uirum!
1202 349 1265 410 Iste
1290 353 1371 431 regii

103 448 245 525 mitrula
262 451 519 508 cmnmooeretur!
543 449 665 508 uultum
686 452 841 508 mutaret!
865 445 997 506 indicem
1019 452 1128 505 tantae
1145 447 1195 505 rei
1220 449 1371 509 soils'aitus

108 542 251 603 audiret!
286 539 424 603 ”siant
441 545 595 604 nimirum
611 544 735 604 silentio
744 543 897 623 facinus,
915 548 947 601 et
965 543 1060 604 auida
1080 561 1146 621 spes
1163 544 1258 621 regni
1278 562 1371 622 prae

108 640 230 717 capitem
261 641 402 700 antinum
431 640 475 700 ud
498 643 645 702 ultimum
671 639 765 719 nefas
790 640 923 718 impulit.
970 640 1068 700 Pater
1093 638 1220 700 Mediae
1236 647 1368 718 praeest

109 735 176 812 Ipse
202 735 291 813 apud
322 739 436 798 maltos
463 739 622 815 copiarum
648 736 738 797 duces
766 738 840 795 meis
861 743 1044 815 praepotens
1067 733 1202 811 cisimus,
1239 737 1369 810 maiora,

108 850 202 909 quam
222 835 315 911 capit,
333 837 441 913 spirat.
480 828 505 871 ¹²
516 831 638 893 Orbitas
659 852 776 912 quoquo
796 852 873 908 mea,
893 832 975 912 quod
987 834 1053 892 sine
1072 830 1176 893 iberi
1192 851 1273 908 sum,
1292 852 1368 911 sper-

107 929 206 989 nitur.
245 929 308 990 Sed
331 938 420 990 errat
436 931 583 992 Philotas.
625 932 663 990 ln
683 928 765 990 oobr's
792 927 914 1004 tanos,
937 937 1099 1008 parentes,
1125 931 1367 1008 consanguineos

108 1023 218 1086 habam
236 1025 318 1086 uobis
335 1028 428 1086 salm's
448 1025 537 1087 orius
556 1045 616 1086 esse
639 1045 703 1086 non
717 1045 850 1105 possum.
870 1062 875 1076 ·

192 1121 347 1185 XXXIV.
383 1117 584 1202 ¹³Epistoiam
606 1122 713 1184 deinde
740 1122 946 1184 Parmenionis
974 1123 1189 1203 interceptam,
1219 1141 1315 1202 quom
1333 1121 1366 1183 ad

109 1215 190 1277 lilios
214 1217 398 1280 Nicanorem
426 1226 456 1280 ct
480 1218 626 1280 Philotam
654 1219 833 1298 scripserat,
859 1219 981 1296 recitat,
1009 1219 1090 1279 haud
1116 1237 1190 1280 sane
1224 1217 1366 1280 indicium

108 1312 255 1391 gravioris
275 1315 395 1376 consilii
416 1316 643 1394 praeferentem.
686 1308 711 1352 ¹⁴
719 1315 858 1396 Namque
878 1335 995 1378 summa
1014 1316 1080 1377 eius
1101 1314 1178 1376 haec
1198 1319 1282 1374 erat:
1302 1315 1367 1376 Pri

108 1428 193 1469 mum
204 1414 299 1471 uestri
307 1432 415 1472 caram
435 1414 526 1491 agite,
546 1413 654 1474 deinde
666 1418 853 1483 uestrorum·
871 1415 916 1474 sic
931 1416 1022 1489 enim,
1041 1432 1119 1492 pisae
1139 1411 1366 1488 mannaan,

107 1504 288 1584 efficaciam.
325 1505 535 1590 ¹⁵Adiccitque
553 1528 615 1585 rex,
635 1508 680 1570 sic
696 1527 765 1569 esse
785 1508 943 1588 scriptam,
960 1517 995 1571 at
1016 1509 1081 1570 sive
1100 1507 1141 1570 ad
1160 1507 1243 1569 filios
1266 1527 1368 1587 perse

108 1601 210 1678 hissa,
232 1623 251 1662 a
272 1605 401 1667 consciis
424 1611 530 1686 posset
551 1604 691 1686 intelligi,
711 1606 775 1666 sive
795 1605 963 1686 intercepta
984 1611 1082 1679 esset,
1098 1603 1217 1665 falleret
1238 1603 1367 1682 ignaros.

107 1691 133 1734 ¹⁶
144 1698 188 1757 At
203 1701 286 1759 enim
307 1703 449 1777 Dimnus,
467 1722 562 1781 quum
582 1711 694 1764 ceteros
708 1704 877 1781 participes
894 1703 1015 1763 sceleris
1030 1699 1193 1775 indicaret,
1211 1699 1367 1761 Philotam

107 1810 172 1852 non
191 1797 384 1860 nmmnaoit!
404 1801 473 1860 Hoc
491 1798 610 1878 quidem
632 1799 719 1859 illius
736 1819 801 1860 non
823 1799 1026 1873 innocentiae,
1047 1796 1101 1857 sed
1109 1797 1273 1876 potentiae
1291 1799 1368 1859 not

108 1890 252 1966 aomar,
277 1894 457 1971 quodn'cab
475 1897 515 1955 iis
534 1897 661 1957 timetur
679 1898 782 1970 emam,
804 1915 826 1956 a
848 1892 1255 1973 praemonitionem,
1277 1914 1368 1973 praem

108 1985 186 2046 dese
185 1987 370 2068 fateantur,
392 1993 481 2054 illum
496 1999 600 2054 tamen
621 1993 733 2053 celeret.¹
767 1988 792 2031 ¹⁷
799 1991 939 2055 Ceterum
960 1989 1117 2076 Philotam
1133 1992 1232 2070 opsn'us
1248 1993 1368 2053 indicat

50 2166 52 2171 ,
107 2083 181 2144 uita.
212 2087 276 2145 Hic
294 2086 456 2167 Amyntae,
486 2090 542 2166 qui
560 2089 640 2149 milri
656 2087 853 2151 consobrinus
859 2085 938 2167 suit
956 2092 989 2146 et
1007 2087 1044 2146 in
1062 2087 1254 2149 Maccdom'a
1275 2092 1368 2170 capiti

38 2199 40 2203 ⁴
108 2199 173 2240 meo
196 2182 309 2260 thapsus
327 2187 519 2264 consparaoit
538 2186 676 2262 insidias,
697 2187 813 2246 socium
833 2205 864 2245 se
882 2190 915 2244 et
931 2185 1086 2244 cointium
1106 2183 1268 2247 armaria
1310 2189 1370 2248 Hic

107 2276 232 2352 Attalo,
261 2299 320 2357 quo
341 2283 518 2359 marsnam
539 2283 702 2343 inimicum
723 2300 787 2341 non
807 2279 918 2356 habiri,
944 2271 1078 2344 sororem
1096 2298 1186 2340 suam
1203 2281 1241 2340 in
1259 2285 1370 2344 matri-

107 2375 246 2436 monium
267 2375 357 2438 dedit.
396 2371 509 2454 ¹⁸Hia,
535 2398 630 2457 quarn
657 2380 840 2458 scripsissem
869 2380 901 2439 ei
919 2395 981 2455 pro
1005 2378 1075 2437 iure
1101 2383 1168 2445 tam
1185 2376 1370 2458 familiari

107 2489 182 2531 usus
199 2480 291 2551 atque
311 2476 482 2550 amicitiae,
512 2475 613 2554 qualis
632 2493 697 2536 sors
717 2473 801 2534 edita
827 2481 902 2534 esset
920 2475 1000 2535 Iouis
1018 2475 1206 2534 Hammonis
1233 2479 1369 2555 oracula,

107 2570 257 2630 sustznuit
272 2570 433 2632 rescribere
441 2571 527 2648 milri,
547 2571 708 2651 sequidem
715 2571 887 2650 gratulari,
905 2570 989 2649 qaod
1005 2572 1042 2630 in
1058 2589 1225 2632 nummum
1243 2573 1370 2636 deorum

107 2673 245 2744 receptas
261 2687 366 2745 essem,
388 2676 522 2729 cetaum
545 2669 685 2728 misnai
703 2687 824 2743 eorum,
845 2664 953 2747 quibus
971 2667 1136 2732 aaaron
1156 2676 1231 2730 esset
1251 2669 1309 2730 sui
1330 2691 1370 2748 eo,

108 2764 164 2841 qui
172 2764 297 2825 modum
308 2765 440 2826 hominis
450 2765 612 2827 excederet.
647 2757 767 2824 ¹⁹Haoc
775 2765 957 2824 suntctiam
970 2764 1094 2842 pridem
1115 2765 1221 2827 onam
1239 2768 1373 2829 dunati

70 2930 75 2949 ι
108 2877 129 2917 a
140 2879 189 2918 ma
198 2868 229 2919 at
245 2863 412 2922 incidentis
420 2864 541 2943 gloriae
558 2881 643 2922 meae
661 2860 798 2921 india'a:
817 2879 896 2938 quae
914 2860 1060 2940 equidem,
1078 2861 1199 2940 molitos,
1219 2866 1370 2944 mmmdia

108 2955 207 3034 licuit,
222 2959 257 3017 in
271 2961 376 3021 animo
392 2979 457 3022 meo
465 2961 573 3038 pressi.
605 2955 733 3020 Videbar
746 2957 828 3016 enim
842 2957 921 3016 miti
929 2964 1053 3037 partem
1064 2957 1216 3020 uiseaum
1231 2979 1369 3022 meorum

108 3049 296 3133 abrumpere,
322 3057 360 3130 si,
383 3058 510 3135 inques
531 3063 597 3117 tam
617 3073 735 3132 magna
757 3053 959 3127 contuleram,
982 3054 1104 3116 m'liores
1127 3042 1369 3136 mihifacerem.

161 3247 258 3315 16‚33,
278 3252 317 3307 10.
351 3254 419 3305 lste
445 3255 532 3321 repis
556 3251 1112 3322 periculo-mutaret-audiret.
1142 3253 1184 3305 F.:
1209 3253 1269 3318 iste,
1296 3255 1325 3305 si
1348 3271 1368 3304 r.

107 3333 134 3383 p.
154 3333 184 3381 a,
210 3320 307 3372 nultum
329 3340 396 3373 non
414 3321 547 3373 mutaret?
576 3323 592 3372 i.
613 3329 629 3371 t.
648 3337 669 3371 r.
689 3337 709 3372 s.
731 3336 794 3370 non
821 3319 942 3371 audiret?
960 3346 988 3358 -
1018 3317 1042 3384 6,
1061 3319 1105 3383 33,
1127 3319 1168 3376 11.
1196 3320 1369 3373 Nimirum

110 3387 134 3436 d.
155 3387 179 3437 h.
205 3404 282 3441 werm
303 3407 332 3444 es
350 3394 410 3443 lein
428 3393 549 3442 Wunder
572 3392 614 3452 ist,
646 3389 693 3439 aul
710 3391 790 3453 jeden
810 3390 871 3439 Feli.
899 3417 930 3424 -
958 3389 1185 3468 praecipitem
1209 3391 1368 3453 animun,

109 3455 161 3504 wie
176 3453 200 3518 8,
222 3454 245 3520 4,
267 3457 314 3511 35;
338 3461 427 3510 mittor
444 3458 480 3509 ml
496 3459 567 3522 seras
587 3457 689 3517 bestias,
714 3456 933 3523 praecipitia
954 3456 1096 3521 snpenia
1118 3457 1233 3508 sortitas.
1275 3461 1368 3510 Senec.

109 3521 293 3584 Hippotem:
319 3528 381 3594 quid
400 3529 469 3577 sinat
487 3528 604 3577 incassum
626 3526 736 3589 seminas
758 3541 927 3591 praeceps
946 3525 1055 3588 [uror.
1078 3551 1106 3563 -
1140 3524 1227 3592 apud
1251 3527 1289 3577 isi
1317 3529 1370 3578 hier

109 3591 183 3641 nicht
201 3609 234 3645 zu
254 3597 379 3657 nahmen,
400 3599 451 3647 wie
468 3591 494 3655 6,
515 3594 558 3656 25,
577 3593 607 3644 i:
624 3593 729 3643 Dimnus
747 3592 862 3642 modicae
879 3591 972 3658 opud
990 3608 1074 3658 repen
1094 3593 1269 3646 auctoritatis.
1299 3598 1370 3646 curt

109 3659 161 3706 will
181 3673 278 3726 sagea:
305 3665 392 3715 heheu
413 3666 464 3717 den
485 3666 571 3717 vielen
588 3663 774 3724 Heerliihrern,
794 3661 837 3710 die
859 3675 888 3711 es
906 3662 934 3711 ic
953 3662 1071 3711 meinem
1088 3661 1175 3712 Heere
1194 3661 1279 3725 gicht,
1305 3664 1331 3714 d
1348 3663 1369 3712 h.

110 3725 231 3791 obgleich
250 3731 294 3782 die
311 3733 373 3783 Zahi
390 3734 439 3784 der
455 3733 616 3785 Heerliihrer
636 3744 668 3781 so
689 3743 767 3794 grass
787 3730 831 3788 ist,
858 3733 918 3794 regi
938 3742 968 3779 er
988 3729 1058 3778 doch
1075 3730 1160 3779 durch
1180 3730 1290 3781 melnen
1310 3731 1371 3783 liin-

109 3794 174 3846 liuss
198 3799 303 3852 hervet.
330 3828 362 3837 -
388 3800 522 3853 maiora
547 3799 671 3868 spirat.
709 3799 734 3848 S.
759 3798 824 3850 Flos.
843 3793 869 3855 2,
890 3793 916 3856 2,
936 3793 984 3846 27:
1012 3794 1232 3862 spirantibus
1260 3796 1371 3851 altiss

108 3862 205 3916 Poenis.
244 3868 297 3918 Liv.
314 3867 338 3932 3,
360 3865 399 3931 46,
418 3867 446 3919 2:
474 3869 613 3935 inquietum
634 3865 757 3918 hominem
782 3871 807 3913 et
834 3863 1049 3917 tribunatum
1068 3863 1276 3917 etiamnunc
1297 3864 1370 3933 api-

109 3939 253 3996 rontem,
282 3935 365 3988 locum
384 3937 514 3987 seditionis
535 3951 664 4003 quamere.

176 4024 202 4090 6,
219 4025 260 4092 34,
281 4029 320 4082 17.
355 4029 527 4095 Amyntae.
564 4027 637 4078 Nach
655 4023 681 4088 6,
698 4021 741 4085 39,
759 4019 792 4074 ai
810 4037 867 4073 war
885 4023 973 4076 dieser
989 4024 1033 4074 ein
1053 4023 1125 4075 Schn
1144 4021 1192 4074 des
1210 4022 1371 4083 Perdikkam

110 4096 159 4146 der
183 4098 294 4150 ietztere
317 4113 375 4149 war
395 4099 460 4149 aber
489 4098 537 4149 der
554 4095 657 4148 Bruden
681 4094 729 4147 des
748 4093 849 4155 Philipp
874 4105 928 4140 von
948 4091 1130 4152 Macedonian,
1159 4090 1208 4141 der
1228 4091 1305 4142 Sohn
1324 4092 1372 4143 des

109 4170 136 4218 il.
155 4167 291 4230 Amyntas.
325 4168 473 4217 Alexander
492 4166 547 4214 also
566 4162 621 4211 sind
641 4162 729 4211 dieser
746 4162 874 4223 Amyntas
892 4173 983 4211 waren
999 4158 1285 4213 Geschwistcrlsinder.
1316 4160 1372 4211 lien

109 4235 209 4299 Angrili
227 4238 274 4286 des
290 4235 418 4298 Amyntas
435 4236 519 4283 nennt
538 4243 611 4280 zwas
631 4230 658 4277 C.
677 4227 769 4293 impios
787 4226 903 4286 insidias,
924 4227 1051 4277 indessen
1069 4239 1127 4279 wat·
1143 4227 1222 4290 iener
1240 4227 1280 4278 als
1301 4227 1372 4280 Sohn

110 4306 158 4354 des
175 4302 317 4353 Perdikias
342 4303 390 4352 der
414 4301 606 4361 rechimessige
623 4295 784 4357 Thronerbe,
808 4297 846 4345 ais
865 4295 984 4345 walchen
1004 4295 1048 4343 ihn
1076 4294 1145 4344 auch
1170 4293 1282 4362 Philipp,
1309 4296 1373 4344 hle-

110 4373 224 4422 xanders
238 4371 325 4431 Vates,
346 4369 436 4418 iriiher
454 4367 606 4418 betrachtct
623 4364 704 4424 hatte,
724 4362 765 4413 his
786 4364 920 4413 dchiiie
941 4363 990 4413 des
1003 4362 1099 4412 Voiies
1120 4362 1164 4411 iim
1180 4375 1283 4426 zweng,
1303 4363 1374 4413 nicht

112 4440 186 4488 mehr
205 4438 243 4487 ais
265 4443 335 4485 tutor
348 4435 450 4502 pupilli,
469 4435 587 4486 sondern
606 4433 644 4482 ais
660 4432 742 4494 Konig
764 4445 796 4483 za
816 4431 938 4480 isandein.
966 4432 991 4481 S.
1009 4431 1102 4481 lustin.
1121 4427 1145 4492 7,
1164 4425 1190 4491 4,
1207 4427 1235 4480 h.
1255 4457 1287 4467 -
1309 4427 1371 4478 Ai-

112 4504 195 4556 salo.
224 4505 259 4553 Er
272 4519 329 4553 war
343 4505 391 4554 der
405 4504 497 4554 Oheim
517 4503 565 4552 dor
576 4501 725 4562 Kleopatra,
747 4499 848 4550 ivelche
860 4499 961 4562 Philipp
981 4498 1079 4548 zuietzt
1090 4498 1247 4560 heirethete,
1265 4498 1324 4549 und
1342 4510 1372 4547 so

111 4571 274 4634 Gegncrdcs
293 4570 488 4634 Thronloigers.
528 4568 612 4634 Vergi.
638 4566 707 4616 auch
725 4564 750 4626 7,
770 4564 794 4626 l,
813 4564 837 4619 3.
861 4563 888 4628 8,
907 4564 932 4629 5,
952 4561 992 4619 li.
1015 4563 1039 4629 8,
1055 4561 1096 4628 26,
1115 4563 1139 4617 7.
1168 4592 1201 4603 -
1228 4561 1370 4633 6,st,18.

110 4639 246 4693 Modum.
284 4640 311 4689 S.
333 4634 521 4705 zu6,3,.17.
699 4673 703 4689 2
