2820 4964
185 203 225 266 x.
247 202 284 267 r.
304 200 453 265 ao-aa
474 196 528 256 vr.
544 196 692 259 13-11.
710 192 781 257 vn.
805 195 906 256 1—7.
927 190 1011 255 vni.
1032 162 1101 255 s-'
1110 194 1158 253 11.
1218 186 1304 255 ,111
1359 188 1361 192 ’

134 373 197 435 Vll.
216 369 355 450 ¹¹·¹lgitnr
375 368 497 448 triginta
513 365 641 426 navibus
660 364 789 426 Sunium
812 362 1032 435 transmittunt,
1064 359 1306 438 promontorium

50 476 95 532 est
106 469 223 531 Atticae
237 475 343 542 terrae,
362 466 442 527 unde
462 468 585 542 portum
605 461 690 522 urbis
708 464 812 539 petere
829 459 1033 519 decreverant.
1075 451 1147 516 ²llis
1168 455 1307 536 cognitis,

50 589 104 628 rex
124 566 257 646 llarpalo
276 560 566 639 Atheniensibusque
589 557 672 619 iuxta
691 557 817 618 infestus
837 556 964 617 classem
984 553 1085 632 parari
1105 553 1196 628 iubet,
1217 553 1307 638 All&

52 685 106 726 nas
128 664 265 743 protinus
286 658 444 738 petiturus
489 649 604 729 ³Qu0d
627 653 786 714 consilium
808 672 901 733 quum
923 651 1001 712 clam
1023 649 1122 729 agitat,
1143 649 1260 711 litterae
1280 648 1308 710 ei

51 762 231 835 redduntur,
260 755 424 834 Harpalum
444 754 571 815 intrasse
591 751 712 832 quidem
730 749 877 824 Athenas,
905 746 1034 827 pecunia
1054 746 1232 808 conciliasse
1251 745 1309 808 sibi

51 856 221 937 principum
239 837 370 914 animos:
392 871 478 926 mox,
495 847 625 910 concilio
646 846 743 926 plebis
768 845 884 918 habito,
904 843 1037 917 iussum,
1056 844 1131 904 urbe
1153 842 1311 916 excedere,

50 953 89 1013 ad
111 971 236 1031 graecos
257 950 366 1012 milites
396 945 585 1028 pervenisse,
617 943 727 1024 quibus
753 943 784 1003 in
806 941 927 1003 Cretam
956 939 1099 1015 traiectis,
1130 958 1147 999 a
1179 939 1310 1019 quodam

52 1047 236 1108 Thimbrone
249 1048 459 1124 interemptum
472 1062 529 1121 per
540 1040 672 1101 insidias.
714 1033 790 1100 4His
807 1038 904 1099 laetus
922 1035 956 1096 in
968 1037 1123 1115 Europam
1144 1033 1310 1095 traiiciendi

53 1143 209 1205 consilium
233 1143 346 1204 omisit:
374 1142 428 1203 sed
450 1139 568 1214 exules,
596 1142 718 1216 praeter
738 1156 808 1212 eos,
839 1134 891 1216 qni
911 1134 990 1195 civili
1021 1133 1165 1212 sanguiue
1196 1131 1312 1210 aspersi

52 1247 145 1315 erant,
164 1241 260 1318 recipi
279 1240 317 1300 ab
340 1238 480 1300 omnibus
492 1227 688 1296 Graecorum
710 1232 888 1308 civitatibus,
912 1232 980 1313 quis
1003 1231 1082 1311 pulsi
1102 1234 1196 1304 eraut,
1217 1228 1313 1290 iussit.

52 1333 108 1397 ⁵Et
119 1336 238 1412 Graeci,
257 1335 337 1396 haud
346 1334 411 1395 ausi
423 1332 581 1412 imperium
596 1330 757 1410 aspernari,
781 1323 958 1410 quamquam
979 1328 1190 1389 solvendarum
1212 1325 1313 1406 legum

53 1433 84 1492 id
105 1431 286 1511 principium
308 1450 375 1492 esse
394 1430 581 1504 censebant,¹
602 1428 684 1488 bona
706 1444 843 1508 quoque,
876 1445 952 1507 quae
972 1431 1121 1501 extarent,
1155 1425 1314 1486 restituere

55 1529 209 1590 damnatis.
251 1523 336 1589 ⁶Soli
356 1527 656 1601 Athenienses,·non
675 1543 747 1586 suae
769 1524 877 1599 modo,
903 1521 957 1583 sed
979 1522 1066 1582 etiarn
1088 1523 1228 1602 publicae
1250 1522 1314 1583 vin

55 1627 138 1687 dices
158 1626 321 1700 libertatiS,
343 1624 547 1685 colluvionem
567 1622 737 1696 hominum,
767 1620 837 1702 quia
858 1638 948 1698 aegre
966 1619 1116 1695 ferebant,
1146 1635 1208 1682 non
1229 1620 1314 1700 regio

55 1723 192 1802 imperio,
213 1723 266 1783 sed
280 1721 396 1801 legibus
418 1719 612 1800 moribusque
635 1717 740 1799 patriis
760 1716 826 1797 regi
847 1717 966 1792 assueti,
989 1717 1174 1796 prohibuere
1195 1708 1314 1794 linibus,

56 1817 174 1881 ⁷omnia
194 1820 295 1898 potius
316 1816 491 1892 toleraturi,
520 1836 608 1897 qnam
632 1821 829 1895 purgamenta
846 1814 996 1896 quondam
1018 1814 1103 1874 urbis
1125 1833 1214 1891 suae,
1242 1821 1315 1877 tunc

56 1918 145 1978 etiam
161 1917 253 1989 exilii,
273 1915 470 1976 admitterent.

140 2015 219 2080 ι17111.
265 2008 469 2084 8allexander,
492 2008 662 2070 senioribus
675 2009 800 2070 militum
817 2009 848 2068 in
862 2010 988 2090 patriam
1010 2009 1151 2087 remissis,
1170 2011 1316 2073 tredecim

57 2109 142 2170 milia
160 2109 294 2186 peditum
315 2114 345 2166 et
364 2107 424 2166 dno
447 2105 527 2164 milia
547 2106 688 2184 equitnm,
713 2125 790 2186 quae
812 2107 843 2166 in
862 2107 935 2168 Asia
955 2109 1106 2184 retineret,
1129 2109 1199 2188 eligi
1219 2107 1316 2181 iussit,

58 2205 244 2278 existimans,
267 2203 388 2261 modico
410 2201 542 2260 exercitu
562 2203 715 2289 continere
737 2220 828 2280 posse
850 2203 969 2281 Asiam,
989 2205 1060 2292 quia
1081 2205 1219 2286 pluribus
1240 2204 1317 2267 locis

58 2299 209 2379 praesidia
228 2297 440 2377 disposuissem
464 2315 621 2376 nuperque
641 2298 776 2358 conditas
794 2300 903 2376 urbeS,
925 2321 999 2382 quas
1021 2301 1138 2362 colonis
1161 2302 1318 2381 replesset,

59 2418 109 2458 res
123 2415 235 2456 novare
257 2393 445 2472 cupientibus
466 2391 587 2450 obstare
607 2386 757 2455 credebat.
803 2391 965 2457 ⁹Ceterum
984 2397 1159 2476 priusquam
1181 2418 1320 2459 secerne-

60 2500 119 2567 ret,
143 2512 219 2571 quos
240 2499 304 2551 erat
326 2493 512 2562 retenturuS,
536 2487 642 2562 edixit,
661 2495 697 2583 ut,
713 2509 817 2552 omues
840 2491 948 2554 milites
967 2513 1018 2553 aes
1040 2492 1169 2554 alienum
1198 2481 1320 2575 profite-

61 2597 174 2649 rentur.
218 2589 316 2648 Grave
337 2585 489 2664 plerisque
513 2601 579 2644 esse
601 2594 803 2664 compererat,
825 2595 867 2664 et,
890 2610 1068 2670 quamquam
1090 2591 1225 2669 ipsorum
1246 2592 1320 2653 luxu

62 2692 248 2748 contractum
268 2690 346 2758 erat,
371 2681 536 2742 dissolvere
559 2686 658 2741 tamen
679 2681 744 2760 ipse
767 2685 947 2748 decreverat.
986 2684 1083 2764 ¹⁰llli,
1107 2689 1214 2749 tentari
1234 2690 1321 2769 ipsos

62 2785 127 2858 rati,
149 2802 209 2863 quo
231 2781 347 2841 facilins
366 2779 404 2838 ab
425 2775 548 2854 integris
567 2782 762 2856 sumptuosos
779 2780 970 2861 discerneret,
989 2786 1169 2865 prolatando
1189 2786 1322 2868 aliquan-

63 2887 126 2941 tum
147 2884 336 2940 extraxerant
356 2874 509 2953 temporis.
554 2875 591 2934 Et
612 2894 666 2934 rex
689 2875 761 2937 setis
782 2896 901 2956 gnarus,
923 2884 1106 2960 professioni
1127 2884 1204 2944 aeris
1225 2884 1323 2964 pudo.

65 2997 139 3053 rem,
163 2997 223 3038 non
243 2971 462 3036 contumaciam
486 2971 616 3046 obstare,
636 2990 754 3033 mensas
767 2976 837 3036 totis
858 2978 963 3039 castris
978 2979 1052 3057 poni
1072 2981 1158 3041 iussit
1176 2987 1206 3041 et
1219 2981 1324 3042 decem

64 3075 145 3136 milia
172 3075 316 3134 talentum
343 3067 483 3149 proferri.
519 3064 626 3128 “Tum
655 3069 774 3130 demum
806 3072 865 3133 fide
893 3076 971 3136 sacta
996 3076 1126 3155 professi
1151 3084 1235 3154 sunt,
1265 3097 1324 3139 neo

64 3273 109 3306 ros
133 3256 244 3305 Graecos
264 3255 454 3312 auctoritatem,
483 3260 535 3301 tarn
554 3251 681 3302 occarltam
700 3252 729 3303 in
741 3253 897 3305 Macedonas
917 3255 1001 3306 odiam
1017 3267 1102 3320 norat,
1130 3258 1216 3310 sedato
1235 3261 1324 3312 colue-

64 3331 118 3373 rat.
158 3324 248 3388 ltaque
265 3340 332 3390 spem
350 3322 401 3370 sais
422 3319 544 3383 sacietat,
571 3319 736 3370 Athenienses
753 3322 862 3373 adventa
882 3341 927 3374 sao
948 3327 1055 3390 capuita,
1082 3328 1210 3393 copiisque
1236 3336 1261 3376 et
1275 3346 1326 3396 pe-

66 3393 154 3451 cuniis,
176 3408 238 3456 qaas
259 3391 403 3447 adduceret,
424 3404 511 3436 coram
530 3388 658 3454 inspectis,
685 3391 802 3455 protinas
820 3408 894 3440 arma
920 3392 1077 3460 consiliaque
1098 3395 1242 3445 sociaturos
1266 3413 1325 3448 erse.

65 3460 135 3508 Nam
152 3459 221 3524 apud
238 3457 359 3524 populana
378 3455 522 3521 imperitum
541 3463 564 3503 et
584 3454 708 3516 mobilem,
728 3475 776 3524 per
794 3458 904 3509 homines
923 3460 1050 3528 improbos
1069 3470 1094 3512 et
1112 3463 1227 3513 avaritia
1243 3478 1327 3514 omra-

67 3527 113 3586 les‚
131 3527 215 3576 ornata
231 3543 257 3575 se
273 3522 415 3574 muneribus
433 3530 642 3588 conregnaturam
660 3525 830 3576 existimabat.
995 3533 996 3537 ’

138 3617 176 3680 10,
199 3617 222 3677 7,
246 3617 266 3666 1.
300 3616 444 3667 Sunium.
476 3617 520 3665 Bei
538 3618 635 3678 Zumpt
652 3631 709 3666 war
728 3619 770 3668 dic
790 3619 881 3681 lnterp
909 3634 940 3670 so
958 3620 1101 3684 geiindert,
1120 3621 1200 3688 tpttar
1218 3623 1328 3689 triginta

66 3685 173 3736 nauibus
191 3686 296 3734 Sanimn
323 3685 504 3732 transmittant.
540 3682 745 3734 Promontoriarn
768 3692 804 3735 est
823 3685 928 3736 Atticae
949 3696 1041 3752 terrae,
1065 3690 1132 3740 ande
1153 3699 1258 3757 portam
1278 3709 1328 3741 ar-

68 3753 106 3802 as
122 3761 208 3820 petere
228 3754 399 3810 decreverant,
422 3759 491 3801 etwa
511 3753 562 3801 wia
575 3750 613 3813 10,
626 3749 652 3811 4,
665 3749 708 3804 11.
724 3781 756 3788 -
776 3751 923 3804 Atticae
943 3764 1069 3806 tarrae.
1090 3757 1326 3823 Vergr.7,18,to:

67 3821 288 3870 Bactrianae
317 3827 438 3869 terrae.
466 3817 490 3875 7.
511 3816 552 3878 11,
575 3817 621 3868 19:
648 3818 704 3868 alia
729 3821 885 3886 regionis
903 3823 1065 3889 Scythiae
1090 3825 1197 3875 derata.
1238 3829 1273 3876 So
1292 3827 1329 3875 111

69 3897 172 3938 terra
190 3888 313 3938 Attica
331 3887 374 3936 boi
393 3888 454 3937 Gell.
467 3889 495 3936 N.
510 3888 536 3936 11.
557 3885 595 3948 15,
610 3887 631 3948 1,
651 3901 682 3938 so
702 3895 819 3938 terrae
838 3888 982 3954 Africae
1000 3893 1043 3942 oei
1055 3895 1120 3943 let.
1137 3893 1195 3944 bell.
1208 3895 1255 3944 air.
1266 3892 1291 3957 3,
1302 3891 1326 3944 ¹1.

140 3980 178 4043 10,
199 3981 225 4041 7,
245 3980 269 4032 3.
310 3979 408 4042 Quam
427 3977 516 4028 clam
534 3979 656 4044 agitat.
677 3981 715 4031 F.:
736 3981 794 4030 dam
812 3982 895 4047 apitat
913 3982 987 4035 clam.
1006 4012 1034 4021 -
1054 3985 1265 4052 principans.
1294 3987 1329 4038 Es

69 4049 132 4100 sind
157 4049 306 4100 besonders
329 4050 373 4098 die
400 4049 503 4097 Redner
530 4047 708 4110 gemeints-
738 4049 856 4115 quitus
882 4052 917 4100 tn
940 4051 1072 4102 Cretam
1098 4053 1263 4104 traiectis
1312 4058 1330 4106 a

70 4117 207 4183 quadarn
230 4115 433 4166 Thimbrone
449 4115 686 4180 interemptam
703 4133 762 4182 per
777 4117 936 4170 insidias.
961 4120 1003 4170 F.:
1019 4114 1039 4169 'a
1057 4119 1146 4186 aridas
1163 4095 1330 4190 interceptum

70 4192 96 4234 et
114 4186 270 4234 trucidatam
286 4201 304 4234 a
322 4183 431 4249 quodam
448 4183 547 4232 viatore
561 4199 610 4248 per
624 4182 739 4233 {midiae
767 4187 846 4237 lenos
862 4201 923 4237 zum
940 4191 1064 4252 grossten
1081 4189 1153 4240 Tneil
1171 4191 1240 4241 nach
1256 4193 1329 4255 Conj.

142 4275 184 4336 10,
202 4277 228 4337 7,
248 4273 274 4325 t.
315 4273 424 4325 Civili
446 4275 611 4340 sangnine
627 4275 774 4342 aspersi.
811 4279 850 4328 lm
869 4280 1068 4344 cigentliohsten
1090 4281 1171 4335 Sinna
1191 4283 1260 4333 diter
1278 4296 1330 4348 ge-

71 4346 202 4405 braucht;
222 4360 242 4396 s.
263 4361 296 4394 zu
316 4342 340 4405 8,
362 4340 401 4403 11,
424 4341 462 4392 11.
483 4368 511 4379 -
539 4341 584 4402 10,
606 4343 628 4402 7,
647 4340 671 4394 6.
695 4342 931 4395 Callacionem
949 4347 1119 4399 hominurn.
1156 4350 1330 4402 narwischen

70 4415 120 4463 hot
138 4415 164 4461 Z.
183 4413 252 4463 nach
272 4415 344 4476 conj.
364 4411 480 4460 ordinum
497 4412 640 4475 eingelttgt,
665 4412 796 4463 withrend
815 4415 858 4465 die
876 4416 957 4466 Codd.
978 4413 1092 4466 ordinm
1110 4417 1205 4468 haben.
1218 4444 1256 4459 ‹-
1287 4417 1329 4478 10,

71 4479 96 4543 7,
118 4478 140 4530 7.
162 4479 395 4546 Parpameata.
412 4482 438 4530 S.
458 4494 491 4529 zu
510 4476 536 4539 6,
554 4476 598 4538 41,
618 4478 642 4530 1.

143 4571 184 4635 10,
204 4570 229 4634 8,
245 4572 269 4624 8.
307 4573 369 4622 lter
389 4570 583 4623 novarat:
603 4587 793 4624 rerrenaoare.
813 4588 844 4611 ·—
876 4573 1033 4624 credebat
1060 4576 1096 4626 tst
1118 4588 1172 4627 von
1190 4578 1215 4627 Z.
1232 4577 1327 4628 hinzu-

73 4641 174 4706 getttgt.
197 4668 225 4677 —
248 4640 288 4703 10,
307 4637 395 4704 8,.10,
422 4639 606 4694 retentam.
626 4642 668 4692 n:
690 4641 852 4695 talentorum.
871 4644 896 4694 S.
915 4654 948 4694 zu
965 4639 991 4704 ³,
1008 4641 1049 4705 ³5,
1070 4639 1110 4694 16.
