2820 4964
102 180 166 249 alo
570 186 611 267 o.
635 184 777 247 curru
798 184 895 247 nun

105 362 287 419 convenerat
306 355 476 418 multitudo.
521 354 648 417 Macedo
670 357 749 417 iusta
769 375 853 416 arma
871 359 1054 433 sumpserat,
1081 372 1206 415 aereum
1223 354 1360 434 clipeum,

105 455 227 530 basum,
248 474 337 536 quam
358 453 496 514 sarissam
509 460 628 527 vocant,
650 452 736 513 laeva
756 457 870 525 teneus,
893 450 1016 511 dextera
1034 449 1180 526 lanceam,
1203 450 1360 532 gladioque

105 551 230 625 cinctus,
248 550 331 610 velut
350 569 419 610 curn
441 549 579 629 pluribus
601 548 690 610 simul
709 547 911 609 dimicaturus.
942 540 974 585 ²⁰
981 545 1154 624 Dioxippus
1176 547 1249 609 oleo
1269 547 1361 609 nitens

106 653 137 706 et
160 653 323 706 coronatus
349 645 437 707 laeva
461 645 623 725 puniceum
650 642 830 717 amiculum,
860 642 967 703 dextra
991 640 1124 703 validum
1153 645 1360 726 nodosumque

106 741 235 820 stipitem
255 743 452 819 praelerebat
494 743 539 801 Ea
557 742 623 819 ipsa
645 760 695 801 res
717 741 850 801 omnium
871 738 987 800 animos
1008 739 1221 817 expectatione
1233 761 1361 821 suspen-

106 838 205 897 derat:
229 837 341 916 quippe
363 844 479 898 armato
497 836 643 914 congredi
661 837 784 912 nudum,
806 836 968 911 dementia,
988 855 1051 897 uon
1072 836 1229 899 temeritas
1248 838 1360 899 rideba-

105 939 163 993 tur.
202 927 226 969 ²¹
234 932 330 1010 lgitur
354 933 488 1009 Macedo,
511 933 591 993 baud
611 932 721 993 dubius
742 933 858 993 eminus
875 932 1004 993 interfici
1020 950 1123 1010 posse,
1139 931 1279 994 lanceam
1297 934 1360 993 emi-

105 1029 160 1106 sit,
193 1049 280 1110 qnam
303 1031 475 1109 Dioxippus
496 1050 589 1110 quum
609 1030 718 1107 exigua
737 1029 876 1108 corporis
896 1027 1097 1089 declinatione
1117 1027 1263 1105 vitasset,
1288 1035 1359 1090 ante

106 1145 195 1205 qnam
213 1124 264 1184 ille
278 1126 390 1187 lrastam
412 1127 589 1186 transferret
613 1126 644 1185 in
667 1125 809 1200 dextram,
827 1124 951 1200 assiluit,
975 1129 1006 1185 et
1025 1123 1129 1202 stipite
1149 1125 1284 1185 mediam
1302 1145 1357 1187 eam

106 1220 202 1298 tregit
237 1214 390 1283 ”Amisso
401 1228 530 1302 utroque
541 1221 611 1296 telo,
621 1222 750 1282 Macedo
772 1221 903 1301 gladium
924 1224 1069 1299 coeperat
1089 1220 1258 1301 stringere:
1280 1242 1358 1302 quem

106 1322 288 1395 occupatum
307 1317 479 1397 complexu,
500 1317 630 1396 pedibus
652 1324 776 1395 repente
795 1316 960 1392 subductis,
982 1315 1157 1396 Dioxippus
1178 1317 1317 1379 arietavit
1334 1319 1358 1380 iu

106 1420 224 1488 terram,
244 1421 410 1494 ereptoque
435 1414 551 1493 gladio,
570 1414 678 1492 pedem
697 1432 790 1493 super
807 1414 956 1475 cervicem
976 1411 1086 1473 iacenti
1105 1412 1268 1493 imposuit,
1286 1415 1368 1495 stipi·

106 1516 168 1570 tem
180 1509 338 1585 intentans,
361 1511 550 1592 elisurusque
563 1530 600 1572 eo
611 1511 731 1585 victum,
743 1509 775 1570 ni
785 1510 956 1589 prohibitus
974 1514 1056 1570 esset
1074 1529 1092 1569 a
1109 1528 1192 1589 rege.
1224 1504 1359 1573 2³'l'ristis

107 1606 273 1685 spectaculi
298 1613 423 1669 eventus
444 1627 506 1669 non
525 1606 743 1667 Macedonibus
760 1605 870 1680 modo,
898 1606 953 1669 sed
983 1606 1072 1667 etiam
1096 1604 1276 1670 Alexandro
1304 1608 1358 1682 luit,

106 1702 234 1763 maxime
254 1704 324 1783 quia
344 1702 466 1762 barbari
487 1703 649 1763 alluerant:
678 1701 791 1782 quippe
815 1701 995 1763 celebratam
1016 1702 1220 1764 Macedonum
1252 1704 1359 1765 sortitu

107 1801 207 1861 dinem
229 1800 267 1859 ad
287 1798 449 1858 ludibrium
478 1797 621 1859 recidisse
644 1798 815 1859 verebatur.
850 1790 961 1859 ²4llinc
990 1797 1029 1860 ad
1056 1797 1300 1861 criminationem
1324 1800 1357 1859 in-

106 1897 245 1959 vidorum
268 1895 428 1972 adapertae
447 1900 517 1955 sunt
535 1913 625 1954 aures
644 1893 732 1972 regis.
774 1895 813 1954 Et
832 1900 904 1972 post
924 1911 1041 1972 paucos
1063 1893 1129 1955 dies
1156 1894 1238 1957 inter
1263 1896 1359 1976 epulas

107 2013 230 2054 aureum
244 1989 388 2069 poculum
401 2009 438 2048 ex
460 1989 630 2068 composito
653 1989 840 2064 subducitur,
861 1989 1059 2070 ministrique,
1080 1990 1169 2070 quasi
1188 1991 1359 2065 amisissent,

108 2090 190 2171 quod
211 2092 401 2159 amoverant,
430 2103 531 2163 regem
552 2087 672 2147 adeunt.
710 2079 844 2163 ²“Saepe
865 2085 963 2147 minus
986 2093 1033 2147 est
1052 2087 1242 2149 constantiae
1269 2089 1299 2149 in
1319 2109 1359 2149 ru·

106 2187 192 2260 bore,
212 2203 301 2264 quam
322 2181 353 2240 in
374 2179 472 2259 culpa.
513 2182 692 2245 Coniectum
713 2181 881 2258 oculorum,
904 2182 1012 2264 quibus
1032 2190 1068 2243 ut
1082 2183 1133 2244 fur
1153 2185 1359 2259 destinabatur,

107 2281 278 2360 Dioxippus
294 2280 374 2338 terre
396 2296 457 2336 non
476 2279 591 2358 potuit:
620 2285 651 2339 et
670 2298 762 2359 quum
782 2277 962 2340 excessisset
982 2279 1138 2355 convivio,
1166 2279 1279 2343 litteris
1300 2302 1360 2344 oon

108 2377 244 2457 scriptis,
268 2394 344 2456 quae
367 2373 431 2452 regi
451 2374 663 2450 redderentur,
686 2376 769 2435 terro
792 2394 825 2436 se
848 2375 1005 2437 interemit
1036 2370 1214 2439 ²⁴³Graviter
1241 2388 1360 2440 mortem

109 2474 173 2537 eius
192 2473 260 2534 tulit
282 2491 350 2547 rex,
379 2469 552 2533 existimans
579 2470 791 2550 indignationis
816 2490 899 2547 esse,
927 2491 989 2533 non
1021 2473 1227 2553 poenitentiae
1255 2481 1360 2549 testem,

108 2571 211 2650 utique
241 2574 402 2649 postquam
428 2567 505 2629 falso
529 2567 729 2628 insimulatum
757 2587 824 2628 eum
862 2567 984 2629 nimium
1020 2569 1190 2633 invidorum
1228 2573 1361 2652 gaudium

109 2665 248 2729 ostendit.
1406 2670 1408 2677 '

192 2763 302 2823 XXX.
348 2755 561 2821 ll¹¹2¹lndorum
573 2758 664 2838 legati
684 2761 797 2822 dimissi
814 2760 931 2838 domos,
952 2763 1057 2841 paucis
1078 2770 1150 2843 post
1171 2766 1282 2829 diebus
1302 2787 1361 2828 cun

110 2861 197 2922 donis
219 2863 418 2920 revertuntur.
450 2857 591 2917 Trecenti
610 2861 696 2918 eraut
718 2857 796 2937 equi,
817 2857 898 2918 mille
919 2858 1040 2937 triginta
1061 2876 1179 2938 currus,
1200 2884 1283 2943 quos
1301 2884 1362 2945 qua-

110 2955 299 3036 driiugiequi
311 2955 468 3030 ducebant,
488 2954 585 3014 lineae
597 2953 688 3014 vestis
698 2953 891 3033 aliquantum,
912 2954 993 3015 mille
1012 2964 1098 3019 scuta
1118 2957 1232 3034 indica,
1248 2969 1280 3022 et
1300 2958 1363 3022 ferri

110 3052 228 3113 candidi
249 3050 361 3111 talenta
380 3056 508 3127 centum,
532 3045 717 3131 ²leonesque
736 3070 821 3111 rarae
842 3051 1053 3130 magnitudinis
1074 3060 1105 3115 ct
1120 3054 1231 3134 tigres,
1254 3065 1364 3119 utrum-

111 3265 142 3298 σα
160 3249 215 3297 cita
235 3248 369 3314 ampetitur,
390 3266 456 3315 quac
475 3250 510 3300 ait
525 3248 604 3298 animi
622 3250 835 3367 corporisque
853 3250 956 3318 coplata
973 3252 1174 3307 virtutibus.
1187 3284 1220 3293 -
1238 3254 1268 3318 9,
1277 3256 1366 3319 tato.

111 3316 362 3383 Expectatiooe
378 3317 619 3384 suspenderat.
648 3320 673 3368 S.
692 3334 725 3368 zu
743 3316 769 3380 3,
789 3320 816 3379 ‘,
836 3317 875 3368 17.
895 3318 920 3380 7,
944 3318 985 3382 16,
1007 3318 1046 3373 ll.

178 3405 202 3468 9,
220 3404 261 3469 99,
282 3404 322 3458 nl.
347 3404 539 3457 Arietavit.
559 3409 617 3459 Wie
637 3410 685 3459 der
700 3410 810 3460 Widder
829 3410 877 3459 aul
894 3412 986 3461 seinen
1006 3412 1087 3463 leind
1105 3412 1236 3465 losstitrzt
1255 3418 1311 3467 und
1329 3418 1367 3467 ibn

111 3476 160 3524 mit
177 3477 237 3526 dem
257 3475 326 3538 Kopt
340 3476 511 3538 niederwirlt,
532 3490 563 3526 so
579 3477 735 3540 Dioxippus.
763 3504 791 3514 -
817 3477 956 3527 iacenti.
979 3480 1019 3529 F.:
1037 3479 1152 3530 iacentia.
1174 3508 1203 3518 —
1226 3479 1256 3543 9,
1275 3480 1368 3547 9993.

111 3542 306 3606 Assuerant.
330 3544 381 3593 Das
393 3546 508 3606 Tempus
518 3545 610 3594 deutet
627 3544 776 3595 besonders
795 3545 897 3606 durant,
915 3547 977 3597 dass
996 3547 1045 3596 das
1064 3548 1166 3608 Geiuhl,
1187 3552 1310 3604 welches
1327 3554 1370 3602 der

111 3612 233 3673 Ausgong
257 3612 304 3660 des
329 3612 520 3674 chikamples
539 3613 567 3660 in
593 3612 645 3661 den
662 3613 850 3662 Macedoniarn
868 3614 1074 3676 barvorgerulen
1095 3616 1175 3676 batte,
1203 3618 1283 3670 nicht
1301 3621 1370 3671 bloss

111 3680 147 3727 im
165 3680 297 3728 Memento
318 3679 366 3727 der
376 3680 571 3742 Entscheidung
583 3681 621 3730 sie
632 3680 812 3740 beberrscbte,
830 3681 948 3730 sondern
959 3682 1021 3731 dass
1038 3695 1067 3731 es
1085 3682 1270 3743 tortwttbrend
1289 3688 1370 3738 durch

111 3747 154 3797 die
168 3746 301 3795 Retlcxion
315 3745 431 3795 darttber·
443 3747 591 3797 verscba'rtt
602 3747 696 3796 wnrde
707 3747 762 3796 und
774 3747 857 3796 daher
874 3749 950 3811 lange
966 3748 1138 3800 nechwirlrta.
1155 3776 1186 3787 -
1209 3752 1257 3801 ad
1277 3753 1369 3804 ledi·

110 3814 221 3863 trium
245 3811 414 3862 recidisse.
450 3815 475 3863 S.
501 3816 554 3864 Cic.
580 3828 630 3876 pro
656 3811 841 3873 Su11.32‚91:
865 3815 1011 3879 quamcito
1035 3814 1086 3865 illa
1103 3818 1192 3867 omnin
1210 3834 1253 3869 ea·
1274 3820 1372 3871 laetitia

111 3890 136 3931 et
155 3879 286 3947 voluptate
306 3880 347 3929 ad
365 3880 460 3929 luctum
478 3889 503 3930 et
524 3881 644 3930 lanima:
660 3880 867 3930 reciderunt.

178 3971 201 4034 9,
220 3970 263 4032 99,
284 3969 324 4021 95.
362 3970 497 4021 Robore.
536 3973 589 4022 Das
616 3973 799 4022 Kenuzeichen
821 3973 864 4021 ttir
889 3974 947 4033 das,
975 3988 1031 4025 was
1059 3974 1180 4025 dadurcb
1208 3980 1374 4042 angadeutet

112 4042 186 4090 wird.
228 4040 398 4089 Gewohnlich
415 4039 480 4089 aber
504 4040 571 4088 wird
591 4038 671 4088 rubor
687 4042 722 4090 im
750 4040 892 4103 speciellen
911 4042 982 4090 ⁴elluo
1012 4042 1050 4091 als
1069 4042 1183 4092 Zsicben
1204 4044 1259 4096 dar
1277 4046 1373 4098 Scbuld

111 4108 264 4171 gebraucbt.
306 4109 340 4155 So
368 4107 509 4157 verbindet
529 4121 558 4157 es
578 4108 659 4156 Tacit.
687 4109 748 4158 hist.
776 4106 801 4167 1,
820 4106 854 4158 30
875 4110 924 4158 mit
942 4107 1057 4170 dedecere,
1078 4106 1103 4171 4,
1120 4106 1155 4159 72
1178 4112 1232 4161 mit
1256 4114 1372 4178 infmia

111 4174 249 4292 gbcrsswqe
269 4174 325 4290 quior
343 4174 390 4224 der
408 4177 510 4237 Zusatz,
534 4188 565 4224 so
586 4173 697 4238 bedingt
715 4175 759 4226 hei
784 4177 810 4225 G.
832 4177 881 4226 der
901 4179 1048 4240 Gegeusatz
1075 4178 1124 4227 das
1140 4178 1373 4242 Etgenthttmlicbe

131 4256 161 4292 er
200 4257 214 4292 c
236 4256 269 4290 eu
282 4255 343 4303 ung.
1212 4268 1215 4273 ·

179 4329 205 4390 9,
223 4329 265 4390 90,
285 4330 306 4379 1.
345 4330 443 4394 Equi.
463 4333 506 4379 Z.:
526 4329 629 4395 equites.
650 4358 678 4366 -
706 4331 803 4381 mille
829 4331 981 4398 triptota
1005 4350 1134 4385 curras.
1173 4336 1373 4391 wanrschain-

113 4398 163 4446 liclr
181 4400 216 4448 ist
233 4413 266 4446 zu
285 4398 424 4447 schreiben
443 4397 546 4446 DXXX
566 4413 664 4447 carrara.
684 4399 709 4446 S.
727 4398 752 4459 9,
774 4398 815 4460 16,
837 4399 877 4450 15.
891 4428 920 4437 -
942 4402 1141 4469 quadriispi
1162 4406 1249 4470 equi
1270 4408 1374 4458 Abdere

113 4477 180 4512 nur:
202 4463 348 4530 quadriiupt
368 4467 434 4514 nach
455 4467 503 4514 Art
519 4466 568 4514 der
587 4466 703 4515 Dichter.
722 4495 753 4501 —
775 4466 942 4517 ducebant
962 4484 1024 4520 vom
1044 4471 1140 4521 ziehen
1161 4474 1241 4525 aines
1259 4476 1373 4539 Wagem

113 4530 179 4578 oder
199 4532 273 4581 eines
299 4532 435 4581 abnlichen
456 4534 552 4596 Dinges
577 4534 614 4583 ist
628 4536 826 4598 vorzugsweise
852 4537 1019 4588 dicbteriscb.
1049 4564 1081 4575 -
1106 4539 1203 4602 ferri
1222 4542 1372 4592 candidi

116 4593 244 4645 Candidus
259 4597 329 4648 kann
351 4597 408 4647 hier
434 4601 507 4651 nicht
533 4601 568 4649 im
599 4600 793 4665 ⁴t'rbcrtraqonen
817 4605 898 4655 Sinna
921 4617 1082 4668 gencmmeu
1108 4606 1231 4673 wardan,
1256 4610 1372 4663 sordem
