2820 4964
113 190 169 257 ix.
195 189 343 252 xxxiv,
353 189 416 252 a-s.
428 188 570 251 xxxv.
583 186 667 282 ⁹:¹⁷·
682 186 834 250 xxxvi.
851 189 954 250 ram.
973 187 1141 252 xxxvu.
1155 189 1204 251 aa.
1225 176 1288 253 aar

26 366 110 432 raut3
139 359 311 439 pariterque
331 366 361 419 et
382 356 540 418 multitudo
563 363 594 417 et
615 357 750 434 paucitas
775 355 949 417 festinantes
973 357 1155 418 morabatur.
1188 351 1288 420 14Clat-

25 477 97 517 mor
119 457 189 515 binc
212 462 385 532 expectare,
416 452 486 511 binc
518 452 561 511 ire
583 453 763 528 iubentium,
789 453 988 533 dissonaeque
1015 472 1107 515 voces
1134 472 1287 536 nunquam

24 553 108 613 idem
135 560 224 632 atque
253 570 346 611 unum
374 549 558 609 tendentium
587 568 648 609 uon
676 549 836 610 oculorum
864 551 955 610 modo
985 569 1089 623 usum,
1117 553 1172 610 sed
1199 551 1288 612 etiam

25 650 146 710 aurium
159 648 350 709 abstulerant.
385 641 408 683 ¹⁵
416 647 464 705 Ne
484 646 513 704 in
534 645 784 723 gubernatoribus
803 647 923 726 quidem
944 645 1103 727 quicquum
1124 648 1192 725 opis
1215 656 1286 725 erat,

25 766 160 828 quorum
179 763 235 804 nec
256 742 391 802 exaudiri
410 761 470 802 vox
489 762 507 801 a
527 741 773 802 tumultuantibus
793 750 913 820 poterat
933 762 990 802 uec
1009 741 1166 820 imperium
1190 765 1207 804 a
1230 758 1288 806 ter-

25 843 95 903 ritis
118 839 384 918 incompositisque
405 838 527 898 servari.
565 833 679 915 ¹⁶Ergo
702 838 805 898 collidi
827 839 904 897 inter
924 857 957 899 se
977 857 1083 912 navae,
1110 840 1289 919 abstergeri-

27 959 90 1020 que
110 938 237 999 invicem
257 934 345 1008 remi,
378 920 408 994 et
429 934 479 994 alii
501 934 629 994 aliorum
650 935 767 1012 navigia
787 953 897 1010 urgere
924 941 1097 1012 coeperunt.
1139 935 1288 999 Crederes

26 1056 92 1096 non
113 1034 201 1096 unius
221 1032 369 1093 exercitus
393 1031 518 1091 classem
537 1031 620 1104 vahl,
653 1031 707 1090 sed
731 1031 858 1091 duorum
886 1030 989 1089 navale
1011 1031 1101 1091 inisse
1126 1041 1287 1098 certamen.

26 1129 54 1170 ¹⁷
65 1130 290 1193 Incutiebantur
305 1128 459 1206 puppibus
476 1147 601 1204 prorae;
616 1126 839 1207 premebantur
859 1145 877 1184 a
897 1126 1107 1205 sequentibus,
1137 1130 1188 1209 qui
1206 1139 1289 1191 aute-

27 1230 173 1290 cedentes
194 1226 402 1294 turbaverant;
420 1223 598 1301 iurgantium
621 1223 666 1282 ira
686 1221 880 1300 perveniebat
901 1222 989 1281 etiam
1010 1223 1049 1280 ad
1070 1243 1184 1286 manus.
1265 1259 1267 1263 ·

115 1323 269 1384 XXXVI.
309 1315 463 1400 18lamque
482 1326 582 1380 aestus
601 1327 683 1380 totos
705 1318 785 1378 circa
806 1317 916 1376 flumen
938 1337 1063 1396 campos
1085 1319 1288 1398 inundaverat,

28 1420 154 1482 tumulis
167 1419 318 1478 dumtaxat
336 1416 534 1476 eminentibus
557 1416 639 1475 velut
662 1414 766 1474 insulis
786 1412 901 1490 parvis3
922 1412 953 1471 in
975 1433 1051 1492 quos
1071 1414 1208 1496 plerique
1230 1425 1289 1478 tre‘-

29 1517 97 1598 pidi
108 1515 226 1575 omissis
246 1512 371 1591 navigiis
389 1531 477 1571 enare
499 1518 671 1590 properant.
708 1505 883 1587 ¹⁹Dispersa
905 1508 1008 1595 classis
1027 1511 1134 1587 partim
1154 1511 1184 1570 in
1202 1533 1290 1591 prae-

30 1613 94 1674 alta
115 1632 191 1691 aqua
213 1611 324 1684 stabat,
354 1629 412 1688 qua
431 1608 628 1668 subsederant
649 1607 756 1680 vallem
788 1605 896 1683 partim
917 1604 948 1664 iu
968 1605 1047 1665 vado
1067 1607 1222 1685 haerebat,
1243 1617 1290 1670 ut-

31 1727 152 1787 cunque
170 1704 324 1785 inaequale
347 1711 444 1764 terrae
463 1703 611 1782 fastigium
634 1708 855 1781 occupaverant
876 1702 989 1761 nudae:
1012 1698 1103 1782 quum
1118 1703 1218 1765 subito
1236 1725 1291 1767 uo-

30 1824 90 1864 vus
104 1809 133 1862 et
144 1803 271 1881 pristino
284 1801 379 1863 maior
392 1808 490 1861 terror
515 1800 664 1861 incutitur.
692 1797 721 1840 ²⁰
729 1798 926 1876 Reciprocari
945 1799 1046 1876 coepit
1067 1818 1157 1875 mare,
1180 1821 1289 1880 magno

13 1908 132 1960 'tractu
157 1900 243 1978 aquis
275 1899 306 1958 in
335 1917 424 1959 suum
450 1898 558 1956 fretum
583 1897 824 1970 recurrentibus,
851 1896 1053 1974 reddebatque
1083 1902 1180 1956 terras
1199 1899 1290 1975 paulo

33 2004 103 2057 ante
126 1996 278 2073 profundo
291 1993 356 2054 salo
370 2012 491 2054 mersas.
520 1993 613 2070 Igitur
634 1993 774 2053 destituta
794 1993 911 2071 navigia
934 1993 992 2053 alia
1012 1993 1292 2071 praecipitanturiu

34 2112 152 2172 proma,
169 2092 225 2150 alia
239 2091 268 2148 iu
279 2090 373 2148 latera
383 2089 593 2165 procumbunt.
622 2089 715 2150 Strati
727 2096 812 2148 eraut
830 2089 928 2166 campi
946 2089 1079 2162 sarcinis,
1098 2089 1292 2164 armis,avul-

34 2207 139 2250 sarum
154 2184 319 2243 tabularum
339 2202 551 2262 remorumque
570 2184 752 2260 fragmentis,
791 2178 910 2243 21ΜίΙθε
929 2203 986 2244 nec
1006 2185 1110 2263 egredi
1129 2186 1160 2245 iu
1182 2194 1292 2248 terram

33 2303 93 2344 nec
117 2283 147 2338 iu
169 2297 243 2336 uase
265 2277 428 2338 subsistere
450 2279 594 2352 audebat,
621 2279 781 2338 identidem
811 2280 1018 2356 praesentibus
1047 2283 1187 2359 graviora
1216 2304 1293 2363 quae
1367 2286 1376 2299 “

35 2381 252 2456 sequerentur,
285 2379 454 2449 expectans
498 2373 558 2432 Vix
581 2395 657 2453 quac
680 2374 942 2452 perpetiebantur,
963 2375 1064 2435 videre
1085 2377 1169 2454 ipsos
1191 2381 1295 2439 crede

35 2478 118 2546 baut,
140 2471 171 2529 in
192 2470 274 2530 sicco
296 2468 458 2546 naufragia,
480 2469 511 2528 iu
532 2471 612 2530 anmi
631 2490 721 2532 mare.
758 2466 785 2508 ²²
795 2471 862 2530 Nec
884 2469 952 2530 finis
974 2470 1128 2532 malorum.
1173 2475 1295 2553 Quippe

37 2575 154 2632 aestum
175 2566 267 2644 paulo
287 2573 358 2644 post
377 2585 459 2626 mare
477 2566 651 2638 relaturum,
673 2585 734 2645 quo
756 2565 874 2644 navigia
894 2566 1103 2644 allevarentur,
1124 2569 1229 2649 ignari,
1253 2573 1297 2632 la-

39 2679 117 2727 mem
141 2671 171 2723 et
192 2662 296 2723 ultima
316 2662 435 2722 sibimet
455 2662 671 2724 ominabantur.
702 2661 817 2722 Beluae
836 2683 957 2745 quoque
979 2665 1118 2726 fluctibus
1140 2668 1297 2729 destitutae

39 2761 188 2824 terribiles
210 2759 400 2836 vagabantur.

124 2857 290 2918 XXXVII.
327 2849 483 2935 2³1amque
504 2875 566 2916 nox
587 2855 760 2933 appetebat,
792 2861 823 2916 et
851 2876 952 2936 regem
980 2878 1101 2940 quoque
1124 2860 1296 2940 desperatio

38 2953 145 3017 salutis
158 2952 342 3032 aegritudine
353 2952 500 3013 affecerat.
528 2952 600 3012 Non
619 2959 718 3012 tamen
733 2952 876 3014 invictum
895 2953 1025 3016 animum
1045 2976 1136 3018 curae
1155 2957 1296 3036 obruunt,

111 3204 136 3263 9,
154 3203 196 3265 35,
215 3200 253 3252 14.
291 3203 468 3268 Nunquam.
497 3205 688 3268 F.:nusquam.
710 3230 738 3240 -
772 3204 1205 3270 atqueanurn.F.:acuunm.
1241 3212 1299 3265 tte-¹

40 3274 174 3324 wohnlich
195 3273 261 3320 wird
279 3270 415 3318 tendere
435 3272 462 3319 in
482 3272 583 3321 diesem
601 3273 680 3320 Sinne
701 3273 750 3320 mit
767 3272 807 3320 ad
826 3273 990 3325 verbunden.
1006 3303 1033 3313 -·
1057 3277 1081 3340 9,
1092 3276 1133 3340 35,
1146 3277 1187 3331 16,
1207 3277 1298 3330 Abs-

40 3340 181 3405 terqeri.
220 3341 244 3398 S,
273 3340 326 3387 Liv.
349 3335 392 3398 36,
418 3335 459 3399 lt,
477 3335 508 3387 b:
539 3339 605 3388 duae
625 3339 736 3404 punicae
759 3356 836 3388 naves
862 3342 1044 3392 antecedebant
1068 3362 1202 3396 romanam
1227 3347 1300 3398 clas-

39 3426 101 3467 sem,
122 3405 209 3471 quibus
227 3405 315 3453 obolae
331 3412 381 3453 tres
398 3407 504 3468 fuerunt
522 3407 608 3471 regiae
625 3423 719 3466 naves,·
743 3414 768 3455 et
785 3414 814 3456 ut
834 3408 863 3457 in
879 3425 982 3460 numm
998 3412 1105 3478 impari,
1132 3415 1197 3464 duae
1213 3417 1301 3482 regiae

39 3492 119 3525 unam
139 3474 339 3522 circurnststuut:
367 3480 391 3521 et
406 3474 518 3539 primum
535 3472 567 3521 ab
583 3481 692 3538 utroque
711 3472 793 3523 latere
815 3491 923 3526 remos
942 3478 1129 3546 detergunt.
1169 3484 1244 3534 Caes.
1266 3485 1301 3535 de

40 3545 100 3594 bell.
122 3544 172 3591 civ.
195 3540 219 3599 1,
236 3537 277 3601 58,
301 3539 329 3588 1:
357 3540 570 3590 llIassilienses-
584 3541 766 3592 cirmtmaenire
783 3551 883 3592 nostros
903 3552 950 3594 aut
966 3545 1084 3612 pluribus
1103 3549 1210 3599 nauilm
1234 3551 1302 3601 adc-

40 3611 91 3727 siri
117 3607 230 3672 singulas
261 3615 306 3656 aut
331 3624 434 3657 remos
468 3616 753 3658 transcurrentes
780 3609 970 3677 detergere,
1002 3615 1026 3664 si
1051 3625 1160 3682 possent,
1193 3627 1301 3669 canten-

59 3684 143 3726 earet.

110 3785 133 3847 9,
156 3783 195 3845 36,
217 3782 255 3833 17.
291 3782 340 3832 Ad
358 3799 481 3832 marrus.
528 3785 600 3833 Nach
628 3786 752 3849 Analogia
783 3787 832 3836 der
856 3790 1057 3851 gewobuIcheu
1083 3795 1239 3847 Redeweise
1267 3796 1304 3845 aa

41 3871 138 3914 atauus,
166 3854 193 3900 in
210 3868 308 3910 inaniis,
334 3851 370 3899 ad
386 3851 486 3916 pladios
504 3851 595 3900 venire.
635 3855 661 3901 S.
682 3855 736 3902 Liv.
755 3851 779 3915 ⁸2,
796 3851 836 3917 lo,
855 3854 886 3905 3:
909 3873 998 3923 pugna
1017 3859 1069 3909 iam
1085 3861 1120 3910 in
1134 3878 1233 3923 manns,
1250 3864 1304 3914 iam

42 3925 85 3973 ad
102 3921 211 3986 gladios,
230 3919 273 3967 ubi
291 3919 363 3966 Mars
381 3927 417 3966 est
437 3918 620 3978 atrocissimus,
639 3929 788 3971 uenerat.
810 3925 883 3973 Auclr
903 3938 923 3974 s.
942 3926 1003 3976 Tac.
1020 3930 1105 3992 Agric.
1124 3926 1171 3980 36:
1191 3937 1220 3979 ut
1237 3947 1304 3981 rem

42 3991 84 4040 ad
102 4004 235 4038 ntucrones
258 4004 291 4035 uc
309 4003 399 4035 ananus
417 3986 635 4038 adducerent.

112 4098 136 4159 9,
155 4092 198 4156 36,
222 4094 260 4149 ¹8.
298 4095 502 4161 Properant.
524 4096 562 4144 F.:
581 4105 724 4162 coeperunt.
743 4125 774 4136 -—
803 4096 829 4158 9,
844 4096 885 4162 36,
908 4097 947 4150 19.
972 4100 1207 4155 scinderant
1224 4100 1302 4157 aaz..

44 4165 54 4213 l
62 4182 110 4226 es,
130 4168 180 4215 wie
199 4166 273 4214 Ovid.
292 4165 397 4214 llletam.
418 4162 442 4222 1,
462 4160 504 4226 43.
524 4160 570 4212 lt:
589 4165 706 4213 tussitat
727 4165 828 4214 extendi
845 4183 956 4232 campos,
980 4169 1160 4222 subsidere
1174 4174 1288 4224 calles

43 4233 146 4281 Fronde
167 4233 217 4297 tepi
235 4231 321 4293 siloas,
344 4230 471 4296 lapidosos
488 4247 592 4296 surpere
611 4239 713 4282 montes.
726 4260 758 4270 -
780 4241 897 4283 terrae
912 4237 1102 4302 fastigium.
1123 4244 1148 4291 S.
1161 4239 1187 4303 4,
1202 4240 1243 4306 36,
1257 4243 1290 4294 10

44 4302 65 4349 si
84 4316 136 4366 qua
156 4301 241 4366 campi
261 4298 411 4358 eminebant,
429 4299 504 4348 iussit
521 4300 629 4364 aequari
646 4307 774 4366 totumque
789 4303 972 4368 fastigium
993 4307 1102 4358 extendi.

114 4408 138 4466 9,
156 4407 197 4471 36,
216 4408 258 4459 20.
294 4408 540 4473 Reciprocari.
570 4411 613 4460 R:
637 4411 806 4479 reciprocare.
828 4438 857 4448 ·-
887 4411 923 4460 in
944 4411 1070 4468 latera.
1109 4419 1285 4472 Wabrscbein

45 4480 96 4528 lich
124 4480 197 4527 hatte
217 4477 363 4527 Alexander
389 4477 457 4527 nach
477 4478 644 4529 Laudessitte
666 4480 857 4530 meisteutheils
878 4481 975 4531 Schine
1000 4485 1049 4532 mit
1074 4486 1187 4539 llachem
1205 4490 1295 4540 Boden

47 4574 75 4583 -
97 4543 124 4606 9,
142 4542 183 4605 36,
202 4543 242 4594 2⁸2.
270 4542 401 4593 Beluae.
437 4545 505 4596 Dass
523 4548 558 4596 im
576 4547 652 4597 Delta
671 4547 719 4599 das
737 4548 819 4598 ludus
841 4548 897 4597 sich
915 4550 965 4599 viel
987 4551 1079 4602 Ottem
1099 4553 1230 4619 basmdeu,
1250 4557 1295 4612 be·

46 4628 148 4677 zeugen
166 4615 209 4663 dte
226 4614 382 4664 Bolsendan.
1038 4629 1041 4634 ·
1115 4658 1118 4662 .

1065 4691 1102 4751 ul
