2820 4964
107 181 172 247 253
382 158 389 165 '
595 175 635 255 o.
658 173 798 236 cunrn
826 171 921 234 nun

79 380 81 384 ⁷
112 348 215 411 liberis
234 348 278 408 fas
290 348 345 406 est.
381 338 411 381 ²⁰
420 343 449 402 ls
462 341 582 402 armatis
595 339 794 421 popularibus
805 340 907 399 fauces
920 337 1060 417 regionis
1078 336 1182 418 quain
1195 337 1377 399 artissimum

113 447 241 525 cogitur,
261 442 361 502 valido
382 439 564 500 munimento
585 442 732 521 sepserat.¹
763 435 995 496 Praeterfluebat
1016 440 1135 495 torrens
1153 434 1267 508 amnis;
1290 440 1375 514 tergo

112 549 198 623 petra
224 537 395 601 claudebat:
428 537 505 595 banc
537 554 626 594 manu
656 533 788 612 perviam
817 530 933 592 incolae
964 531 1105 593 fecerant.
1152 525 1175 569 21
1187 512 1250 592 Sed
1279 531 1376 592 aditus

113 656 223 718 specus
245 633 355 711 accipit
376 633 483 707 lucem,
506 631 659 704 interiora,
688 630 745 691 nisi
765 628 847 689 illato
875 627 995 702 lumine,
1026 626 1156 687 obscura
1182 633 1263 691 sunt.
1308 629 1377 689 Per·

113 742 222 814 petuus
250 727 408 792 cuniculus
431 727 488 786 iter
508 725 633 804 praebet
659 725 689 785 in
711 745 834 804 campos
861 725 995 803 ignotum
1017 724 1073 784 nisi
1098 723 1257 802 indigenis.
1307 720 1376 785 ²²at

113 830 293 904 Alexander,
323 842 500 908 quamquam
521 822 672 900 angustias
695 822 819 883 naturali
847 822 907 883 situ
927 820 1055 880 munitas
1080 819 1180 881 valida
1200 842 1294 883 manu
1312 823 1374 882 bar·

113 927 180 988 bari
200 925 369 998 tuebantur,
395 927 494 981 tamen
523 918 666 979 arietibus
689 918 816 979 admotis
839 917 1028 992 munimenta,
1061 937 1137 997 quae
1161 938 1255 979 manu
1275 919 1373 979 adiun-

115 1029 163 1084 cta
182 1027 274 1096 erant,
298 1018 460 1090 concussit,
491 1015 651 1094 fundisque
675 1022 704 1076 et
726 1015 840 1094 sagittis
866 1013 1117 1093 propugnantium
1139 1013 1308 1094 plerosque
1328 1015 1373 1075 de

115 1119 199 1178 iecit:
221 1136 298 1196 quos
320 1115 371 1175 ubi
390 1113 544 1190 dispersos
564 1111 684 1188 fugavit,
708 1112 808 1172 ruinas
829 1111 1081 1171 munimentorum
1102 1129 1321 1189 supergressus
1339 1111 1372 1172 ad

114 1219 229 1292 petram
253 1210 385 1272 admovit
407 1207 579 1268 exercitum.
626 1201 800 1271 ²³Oeternm
824 1205 1038 1267 interveniebat
1057 1207 1175 1282 florina,
1196 1206 1373 1269 coeuntibus

114 1308 199 1388 aquis
225 1326 262 1367 ex
292 1308 449 1385 superiore
474 1302 593 1381 fastigio
617 1303 647 1362 in
671 1303 794 1375 vallem;
825 1302 983 1383 magnique
1007 1302 1110 1380 operis
1129 1302 1292 1364 videbatur
1319 1310 1373 1365 tam

115 1411 228 1465 vastam
249 1401 423 1480 voraginem
445 1400 574 1479 explere.
615 1392 643 1435 ²4
654 1398 747 1460 Caedi
766 1407 865 1460 tamon
884 1398 1008 1459 arbores
1030 1403 1060 1458 et
1080 1418 1152 1460 saxa
1171 1399 1302 1478 congeri
1320 1400 1372 1461 ius

116 1499 168 1561 sit:
189 1501 360 1579 ingensque
374 1498 521 1558 barbaros
542 1515 646 1574 pavor,
673 1497 765 1557 rudes
787 1496 826 1556 ad
846 1495 914 1556 talia
937 1514 1040 1573 opera,
1070 1505 1277 1573 concusserat,
1301 1497 1373 1557 exci-

114 1594 336 1658 tatam-molem
358 1594 457 1663 subito
480 1597 644 1653 cernentes.

198 1692 253 1751 lX.
304 1684 438 1769 ²⁵ltaqne
456 1709 519 1764 rex,
547 1689 585 1748 ad
604 1687 785 1748 deditionem
808 1693 887 1747 metu
915 1705 1005 1766 posse
1032 1687 1174 1766 compelli
1194 1694 1289 1764 ratus,
1318 1691 1372 1748 Ox

115 1792 200 1848 arten
220 1785 300 1847 misit
325 1785 454 1847 nationis
475 1785 616 1860 eiusdem,
647 1785 702 1845 sed
729 1784 855 1844 dicionis
879 1803 959 1859 suae,
989 1783 1041 1863 qui
1065 1784 1208 1845 suaderet
1234 1784 1318 1860 duci,
1344 1788 1371 1844 ut

115 1882 246 1942 traderet
267 1888 390 1960 petram.
442 1875 470 1918 ²⁶
478 1881 599 1941 Interim
626 1881 663 1940 ad
691 1880 857 1959 augendam
887 1879 1074 1939 formidinem
1095 1886 1126 1940 et
1152 1878 1253 1943 tur'res
1276 1881 1367 1942 admo

114 1978 261 2038 rebantur
287 1984 317 2037 et
343 1997 470 2038 excussa
493 1977 649 2038 tormentis
677 1977 736 2037 tela
763 1975 920 2036 micabant.
961 1976 1063 2056 ltaque
1090 1977 1236 2038 verticem
1264 1984 1370 2058 petrae,

116 2073 198 2134 omni
219 2073 278 2132 alio
305 2074 455 2151 praesidio
477 2074 624 2147 damnato,
655 2072 833 2152 petiverunt.
882 2067 958 2132 ²⁷xt
979 2073 1108 2134 Oxartes
1128 2074 1281 2152 trepidum
1301 2073 1370 2135 difi-

115 2170 292 2248 dentemque
315 2170 405 2230 rebus
437 2169 499 2231 suis
520 2169 725 2248 Sysirnithrem
752 2169 854 2248 coepit
878 2168 1001 2244 hortari,
1028 2176 1061 2230 ut
1080 2170 1180 2245 fidem,
1207 2170 1370 2251 quamnim

114 2265 315 2326 Macedonum
336 2265 437 2325 mallet
459 2263 596 2345 experiri,
622 2283 682 2324 neu
710 2271 879 2325 moraretur
901 2264 1120 2327 festinationem
1140 2267 1267 2329 victoris
1294 2286 1370 2327 exer-

116 2362 192 2422 citus
221 2361 251 2420 in
270 2361 384 2421 Indiam
412 2361 574 2421 tendentis:
608 2359 658 2421 cui
679 2359 813 2440 quisquis
840 2365 934 2420 seruet
961 2361 1090 2438 offerret,
1123 2362 1261 2425 insnum
1287 2368 1371 2442 caput

114 2458 238 2518 alienam
260 2456 374 2518 cladem
400 2477 466 2519 esse
488 2476 653 2518 versurum.
703 2450 777 2516 ²⁸Et
797 2455 863 2534 ipse
891 2456 1013 2536 quidem
1033 2459 1229 2539 Sysimitlrres
1248 2460 1370 2553 deditip,

115 2574 183 2614 nem
210 2554 373 2614 annuebat:
406 2561 538 2614 ceterum
567 2559 662 2614 mater
687 2554 850 2632 eademque
879 2553 1010 2615 coniunx
1037 2554 1214 2617 morituram
1244 2577 1280 2618 se
1310 2562 1370 2618 ante

115 2649 303 2724 denuntians
333 2670 419 2730 quam
441 2649 583 2711 in-ullius
610 2649 725 2711 veniret
747 2654 933 2728 potestatem,
960 2650 1080 2711 barbari
1104 2651 1238 2714 animum
1267 2654 1307 2715 ad
1325 2655 1370 2714 lio

114 2746 256 2820 ucetiam,
278 2767 366 2825 quarn
383 2746 495 2808 tutiora
514 2753 711 2822 converterat,
731 2745 923 2825 pudebatque
941 2735 1095 2808 libertatis
1106 2749 1203 2809 mains
1215 2769 1284 2812 esse
1297 2749 1370 2831 apud

115 2844 248 2918 feminas
280 2862 367 2922 quam
389 2843 469 2921 apud
490 2843 572 2903 viros
594 2843 731 2921 pretium.
780 2836 918 2922 2⁹1taque
940 2843 1063 2904 dimisso
1085 2844 1271 2908 internuntio
1293 2847 1369 2927 pacis

116 2939 304 3000 obsidionem
329 2940 408 3000 ferre
436 2940 617 3000 decreverat.
657 2940 718 3000 Sed
738 2960 828 3019 quum
855 2938 950 3001 hostis
970 2940 1050 3001 vires
1071 2960 1203 3021 suasque
1225 2950 1369 3021 pensaret,

115 3054 220 3096 rursus
242 3033 397 3094 muliebris
415 3035 539 3112 consilii,
569 3036 650 3115 quod
668 3055 816 3114 praeceps
837 3035 939 3113 magis,
970 3056 1059 3116 quarn
1080 3039 1289 3101 necessarium
1312 3057 1369 3101 esse

115 3130 264 3202 credebat,
285 3130 438 3206 poenitere
460 3151 527 3190 eum
548 3132 665 3209 coepit:
694 3125 933 3210 ³⁰revocat0que
954 3138 1075 3193 strenue
1096 3135 1221 3208 Oxarte,
1243 3136 1369 3199 futurum

114 3244 146 3284 se
167 3224 197 3282 in
218 3223 298 3300 regis
320 3229 467 3301 potestate
488 3227 652 3304 respondit,
683 3246 773 3287 unum
799 3233 946 3325 precatps,
978 3249 1016 3288 ne
1041 3226 1227 3290 voluntatem
1253 3238 1284 3292 et
1306 3251 1368 3292 con·

113 3318 211 3380 silium
238 3319 339 3379 matris
368 3340 440 3381 suae
467 3322 618 3399 proderet,
651 3343 710 3403 quo
735 3323 851 3382 facilins
879 3316 966 3384 ueriia
991 3323 1034 3384 illi
1055 3343 1176 3405 quoque
1197 3326 1367 3406 impetrare-

113 3420 170 3476 tur.
221 3408 245 3452 3¹
255 3415 452 3476 Praemissum
476 3417 567 3496 igitur
587 3420 719 3478 Oxarten
752 3439 819 3481 cum
843 3427 936 3480 matre
964 3419 1187 3513 liberisque'et
1208 3422 1305 3486 totius
1325 3442 1367 3483 co

181 3663 207 3726 8,
227 3664 253 3727 8,
274 3664 316 3716 20.
350 3666 389 3718 fs.
409 3668 447 3717 F.:
476 3667 506 3718 ff
522 3669 640 3721 millibus.
662 3671 744 3720 Alfein
766 3672 800 3719 da
820 3663 952 3738 sepserant
975 3672 1110 3722 durchaus
1136 3685 1189 3721 ron
1214 3672 1269 3723 den
1291 3671 1365 3724 codd.

114 3736 262 3784 anerkannt
288 3737 388 3792 istso
417 3737 486 3787 kann
513 3753 574 3788 man
600 3740 732 3788 vielleicht
756 3736 789 3786 bt
814 3746 970 3804 sepserant
994 3739 1141 3790 schreiben.
1162 3764 1189 3776 -
1224 3741 1365 3806 copitar.

113 3803 199 3852 Wenn
218 3803 303 3852 durch
323 3802 366 3850 die
382 3804 563 3870 Bestimmung
582 3807 630 3857 des
646 3807 740 3855 Lokals
763 3820 815 3855 von
835 3807 956 3870 Xenippa
982 3808 1037 3857 nnd
1056 3808 1175 3857 Nautaca
1202 3806 1235 3868 (s.
1251 3823 1285 3858 zu
1303 3806 1327 3869 8,
1343 3804 1366 3865 7,

113 3865 146 3918 14
164 3870 219 3919 und
238 3884 271 3920 zu
288 3867 314 3929 8,
336 3866 421 3933 819)
448 3874 514 3922 zwei
538 3874 605 3924 feste
624 3874 725 3922 Punkte
744 3887 891 3935 gewonnen
920 3876 987 3931 sind,
1013 3888 1044 3924 so
1068 3875 1138 3924 kann
1160 3877 1242 3925 unter
1269 3876 1365 3926 diesem

112 3938 178 3989 Puss
193 3952 246 3988 nur
264 3939 402 3988 entweder
420 3940 468 3988 der
487 3955 540 3989 von
554 3942 654 4006 Koluga
672 3942 739 3990 oder
758 3941 806 3990 der
826 3955 878 3990 von
900 3943 1049 4007 Chekidgelr
1065 3943 1185 4005 gemeint
1203 3944 1270 3993 sein.
1293 3945 1365 3993 Danu

112 4005 190 4057 belde
204 4005 384 4056 beherrsehen
399 4007 441 4055 die
453 4007 626 4071 Verbindung
644 4009 777 4058 zwisehen
787 4009 879 4059 Hissar
897 4010 952 4058 und
964 4010 1041 4077 quh.
1060 4008 1205 4072 Uebrigens
1220 4011 1305 4073 vergl.
1315 4011 1363 4059 Liv.

110 4070 426 4134 21‚15,11:sanus2·n
444 4081 516 4122 artos
538 4082 677 4124 coactus
694 4075 790 4137 fauces.
812 4102 840 4111 -
868 4082 1034 4141 sepserat.
1063 4076 1135 4126 Nach
1155 4077 1247 4141 Conj.;
1264 4078 1308 4128 F.:
1326 4092 1364 4125 re-

107 4149 220 4204 pserunt.
243 4168 271 4177 -
292 4138 318 4200 8,
327 4138 400 4257 8212}
427 4139 561 4256 anttda.
584 4143 626 4192 l'.:
648 4159 681 4190 ac
698 4141 799 4190 calidas
820 4144 888 4192 nach
907 4145 981 4207 Conj.
997 4170 1026 4180 -
1046 4140 1070 4206 8,
1088 4140 1115 4203 8,
1133 4140 1175 4194 24.
1196 4142 1309 4194 Ilerdes
1327 4141 1366 4193 ad

110 4206 207 4260 talia.
243 4210 266 4258 S.
289 4222 322 4257 zu
361 4247 366 4268 ,
401 4207 426 4266 9,
463 4247 468 4258 .

173 4305 198 4367 8,
218 4307 242 4370 9,
260 4305 301 4360 25.
336 4306 496 4357 Dictonts
519 4324 606 4361 suaa.
642 4310 704 4359 Hier
732 4310 757 4358 in
785 4309 872 4374 Bezug
898 4311 946 4360 auf
969 4312 1027 4361 eine
1055 4312 1173 4363 einzelue
1191 4313 1295 4364 Persou
1315 4326 1363 4377 go-

108 4374 230 4435 hraucht‚
250 4377 377 4426 wabrend
395 4390 423 4427 es
444 4379 521 4428 soust
539 4377 704 4440 gawbbnlich
724 4390 776 4425 ron
790 4379 870 4439 Meer,
888 4379 969 4440 Laud,
991 4379 1109 4441 Stadten,
1126 4379 1362 4432 Einwohnermas-

108 4441 701 4518 sengesagtwird.Vergl.C.6,1b‚9.-
731 4440 757 4504 8,
778 4441 801 4507 9,
821 4442 861 4494 26.
889 4444 1073 4496 Micelaut.
1093 4446 1134 4496 F.:
1155 4445 1310 4499 micabant.
1337 4448 1361 4497 S.

105 4508 161 4621 §.viu
182 4506 222 4569 21,
240 4507 263 4570 7,
282 4508 314 4560 8:
331 4511 383 4624 {aru
403 4528 454 4628 agn
490 4509 663 4629 rqgmqqribus
680 4511 752 4560 ruodo
770 4519 848 4577 utque
864 4513 932 4562 turri
953 4511 1027 4563 tela
1046 4513 1181 4566 micare.
1195 4542 1224 4552 -
1250 4512 1360 4580 &9382

138 4589 173 4623 eu
192 4592 325 4626 morare
345 4593 389 4627 ur.
436 4618 440 4628 .
479 4618 484 4641 ,
538 4614 546 4638 ,
602 4620 606 4630 .
858 4600 862 4607 '
