2820 4964
87 147 198 213 aaa.
286 176 289 181 -
366 158 369 163 ·
554 142 602 223 a.
625 139 926 203 caurnnnn-

92 315 222 396 primum
233 313 360 375 eiulatus
373 313 478 392 ingens
493 310 690 392 ploratusque
711 316 873 373 renovabis
893 319 952 370 est:
974 305 1082 368 deiude
1100 304 1193 366 futuri
1214 314 1359 383 expecta

92 415 136 474 tio
159 410 290 472 inhibitis
310 409 441 472 lacrimis
461 408 610 470 silentium
630 409 709 471 lecit.
743 401 842 469 trum
855 403 1008 480 Perdicca,
1030 403 1113 481 regia
1135 401 1209 462 sella
1227 400 1258 461 in
1282 421 1360 462 corr-

93 517 231 589 spectum
251 507 335 586 vulgi
369 506 452 581 data,
481 504 511 566 in
541 525 600 586 qua
630 506 766 566 diadema
791 502 944 581 vestisque
971 500 1137 561 Alexandri
1163 519 1232 559 cum
1261 500 1358 560 armis

94 612 194 682 eraut,
224 603 345 665 anulum
366 601 422 664 sibi
445 601 542 680 pridie
564 602 704 663 traditum
726 620 744 661 a
766 619 839 679 rege
860 600 890 658 iu
914 597 1019 659 eadem
1040 597 1113 658 sede
1134 595 1251 676 posuit·
1281 617 1360 677 quc·

94 723 162 764 rum
186 706 310 781 aspectu
332 718 439 759 rursus
459 698 584 759 obortae
607 697 747 759 omnibus
770 696 910 757 lacrimae
928 694 1114 773 integravere
1134 693 1260 753 luctum.
1298 689 1361 761 ⁵Et

93 799 245 874 Perdicca,
267 798 333 874 Ego
353 794 483 873 quidem,
504 795 607 876 inquit,
628 795 775 869 anulum,
789 800 856 870 'quo
871 793 925 853 iiie
942 792 1034 870 regni
1051 798 1143 869 atquc
1167 791 1295 868 impem'a'
1313 796 1361 854 vi.

94 917 142 956 res
164 894 324 974 absr‘gnare
341 898 411 951 erat
430 891 555 968 solitus,
576 890 729 951 traditum
749 887 787 949 ab
808 891 873 968 ipsc
890 888 982 963 midi,
1004 885 1207 949 redderetis.
1255 883 1361 952 ⁶Cete·

93 1012 165 1051 rum
187 1007 373 1071 quamquam
394 988 486 1048 nulia
507 987 609 1048 clades
629 986 718 1063 dure,
747 1007 809 1066 qua
830 985 942 1064 effecti
960 974 1082 1058 mmm,
1108 1002 1171 1061 par
1197 983 1249 1044 ab·
1266 989 1361 1048 iratis

95 1088 154 1149 diis
176 1084 349 1164 excogitari
358 1091 467 1162 potest,
487 1091 592 1144 tamen
612 1083 863 1162 magnitudinem
882 1098 997 1156 rerum,
1017 1100 1095 1159 quas
1112 1082 1184 1159 egit,
1206 1083 1362 1143 intuenti-

96 1182 150 1244 bus
164 1183 285 1244 ardere
299 1182 379 1256 iicet,
401 1187 525 1240 tantum
537 1182 640 1241 airam
654 1181 723 1241 deos
742 1178 981 1240 accommodasse
1001 1175 1089 1236 rebus
1110 1176 1265 1253 humanm,
1285 1199 1364 1258 quaa-

95 1286 257 1339 ramrorte
278 1262 427 1356 corrpieta
448 1278 508 1336 cito
526 1274 696 1357 repeterent
714 1294 784 1336 eam
802 1294 876 1336 suae
895 1274 993 1353 stirpi.
1039 1270 1194 1334 'Proinde
1209 1277 1364 1352 qraansam

95 1375 178 1435 nr'lrii
196 1374 288 1435 aliud
307 1394 346 1434 ea
364 1393 398 1433 eo
420 1381 573 1452 serperast,
592 1362 685 1452 quam
707 1372 789 1451 quad
808 1390 924 1450 semper
944 1369 983 1431 ab
1009 1371 1257 1431 immortalitate-
1273 1373 1365 1433 redea-

96 1474 187 1548 citur,
207 1472 329 1550 corpori
347 1472 525 1548 norninique
543 1490 635 1548 quam
651 1471 792 1548 primum
812 1470 896 1528 iusta
913 1468 1082 1541 soleamus,
1104 1467 1192 1527 haud
1205 1465 1304 1545 aiau,
1327 1472 1365 1530 in

96 1587 158 1647 qua
169 1566 253 1644 arbe,
271 1570 355 1628 inter
375 1586 448 1646 quos
469 1568 571 1643 simas,
594 1567 684 1646 quati
695 1565 838 1644 praeside
856 1583 895 1623 ac
917 1582 989 1643 rege
1008 1565 1146 1642 multati·
1176 1558 1364 1627 8Tractare

97 1664 171 1725 dum
193 1673 246 1740 est,
265 1664 499 1739 commilitones,
516 1663 787 1742 cogitandumque,
807 1668 846 1721 at
862 1662 1024 1721 uictoriam
1040 1668 1169 1738 partam
1184 1662 1279 1720 inter
1299 1662 1367 1743 dos,

98 1762 134 1821 de
154 1760 261 1840 quibus
275 1768 375 1841 parta
396 1769 454 1836 est,
479 1757 613 1819 obtinere
627 1759 787 1838 possemus.
833 1756 939 1836 Capite
961 1776 1036 1836 epus
1053 1763 1104 1817 esta
1146 1759 1269 1817 Hocine
1288 1780 1366 1835 ano,

97 1879 141 1918 an
154 1856 307 1937 pluribus,
327 1859 363 1916 in
383 1865 484 1917 cestra
497 1863 648 1934 potestate
668 1861 719 1914 est.
762 1853 849 1913 liiud
867 1856 946 1914 seire
967 1851 1083 1929 deletu,
1098 1855 1274 1939 ‘redituram
1296 1859 1368 1918 sine

97 1954 173 2014 duce
191 1952 312 2014 turbam
335 1972 444 2031 corpas
465 1971 524 2011 esse
544 1952 609 2011 sine
628 1951 749 2028 spiritu.
795 1945 926 2010 ⁹Seatus
943 1951 1054 2010 mensis
1077 1959 1134 2027 est,
1156 1971 1196 2010 ea
1217 1971 1280 2029 qao
1297 1954 1368 2015 Ro·

98 2069 181 2109 aane
194 2068 377 2127 praegnans
394 2056 456 2109 est:
486 2055 642 2126 optamus,
666 2053 705 2105 ut
722 2066 839 2107 marem
859 2049 1015 2121 enitatur,
1037 2050 1125 2109 caius
1145 2068 1282 2126 regnam
1303 2051 1367 2111 aaa

97 2143 335 2225 approbantibus
345 2145 513 2226 futurum,
534 2143 657 2222 quando
669 2143 842 2206 adoleverit.
887 2146 1015 2205 Interim
1036 2165 1057 2205 a
1075 2144 1181 2224 qualus
1198 2148 1272 2224 regi
1289 2149 1367 2208 veli·

99 2243 147 2316 tir,
169 2241 326 2302 destinate.
366 2242 447 2301 llaec
466 2239 618 2301 Perdicca.
692 2283 695 2288 .
829 2258 831 2263 ·
908 2234 912 2269 ¹
997 2261 1000 2265 ·

117 2380 120 2385 -
182 2339 258 2408 XX.
300 2334 327 2376 ¹⁰
336 2340 414 2398 Tum
441 2337 599 2398 Nearchus
620 2336 802 2399 Alexandri*
827 2339 918 2400 modo
947 2337 1122 2417 sangninem
1160 2354 1195 2398 ac
1230 2339 1365 2420 stirpem

99 2435 199 2514 regiae
218 2433 364 2496 maiestati
381 2433 544 2495 corinenire
564 2433 712 2495 nemiuem
739 2434 779 2495 ait
804 2454 896 2514 posse
923 2434 1032 2496 mirari.
1065 2428 1238 2495 ssCeterum
1267 2456 1365 2517 expe·

98 2531 171 2591 ctari
184 2531 325 2591 mondum
347 2536 446 2591 ortum
465 2549 567 2610 regem
593 2537 641 2608 et,
666 2530 717 2612 qui
737 2531 796 2592 ianr
815 2530 869 2607 sit,
890 2524 1068 2610 praeteriri,
1089 2550 1149 2593 uec·
1164 2532 1277 2594 'animis
1299 2537 1367 2598 Ma-

99 2627 247 2687 cedonum
272 2628 432 2687 convenire
456 2647 513 2686 nec
538 2629 668 2707 tempori
688 2649 797 2690 rerum.
840 2630 916 2690 Esse
943 2648 960 2688 c
987 2629 1113 2691 Barsine
1135 2629 1230 2688 tilium
1263 2634 1365 2712 regis:

99 2723 169 2784 huic
189 2723 325 2784 diadema
347 2724 484 2785 dandum.
517 2717 635 2784 ¹²anli
657 2724 796 2804 placebat
815 2726 923 2787 oratio.
954 2727 1058 2807 ltaque
1080 2745 1135 2787 suo
1160 2745 1245 2786 more
1269 2729 1366 2791 hastis

99 2824 185 2880 scuta
206 2819 374 2902 quatientes
394 2821 570 2900 obstrepere
590 2821 837 2900 perseverabant:
862 2824 984 2903 lamque
1005 2842 1103 2902 prope
1122 2822 1159 2883 ad
1179 2822 1367 2888 seditionem

169 3002 310 3068 10,10,4.
348 3004 429 3058 Tam.
457 3007 495 3056 F.:
518 3013 586 3059 triac.
606 3033 637 3043 —-
672 3004 815 3068 10,19,5.
845 3005 1077 3072 dapniatque
1101 3007 1239 3073 imperii
1262 3010 1367 3065 eires.

101 3075 153 3123 Der
172 3074 312 3135 ausdruck
331 3075 377 3131 hat
396 3076 525 3126 maistans
547 3077 623 3125 einen
645 3089 711 3138 ganz
733 3076 874 3138 speciellen
893 3077 972 3135 Sinn;
999 3090 1027 3124 er
1051 3077 1120 3125 wird
1138 3074 1294 3139 gebraucht
1314 3094 1367 3131 rou

101 3141 152 3189 den
170 3140 368 3201 streitlrriilten,
394 3143 444 3191 die·
464 3145 506 3192 ein
525 3144 599 3203 Volk,
626 3145 668 3193 ein
685 3143 758 3193 Laud
779 3157 811 3193 zu
832 3140 924 3193 stelleu
945 3156 1062 3204 vermag.
1087 3157 1108 3191 z.
1127 3144 1154 3192 B.
1175 3138 1199 3202 3,
1221 3141 1263 3203 19,
1286 3145 1312 3197 0.
1342 3146 1367 3211 8,

98 3205 138 3267 la,
157 3205 181 3256 9.
202 3205 226 3269 9,
246 3206 270 3269 7,
288 3205 312 3257 6.
346 3208 418 3258 hber
437 3223 466 3259 er
485 3212 552 3260 wird
570 3211 716 3274 lolgerecht
733 3212 801 3261 arrcb
817 3211 866 3260 aul
880 3211 928 3260 alle
949 3211 991 3260 die
1009 3211 1091 3272 Dlnge
1110 3210 1275 3273 ohertragen
1294 3218 1366 3277 sein,

100 3274 147 3323 aui
160 3277 246 3324 denen
266 3277 405 3326 dieMacht
422 3278 478 3327 und
495 3280 592 3329 Grosse
611 3281 684 3328 eines
701 3279 798 3328 Volkes
817 3278 935 3328 bernheri
955 3279 1039 3327 kann:
1059 3279 1114 3327 und
1132 3280 1157 3326 in
1175 3292 1206 3327 s0
1225 3280 1287 3330 iczn
1308 3286 1368 3335 sich

100 3343 174 3392 diese
191 3343 279 3392 illacht
299 3345 324 3392 in
346 3345 394 3394 der
410 3345 509 3396 Person
528 3347 575 3396 des
596 3349 694 3410 Konlgs
714 3348 887 3406 concenlrirt,
915 3348 984 3395 kann
1003 3347 1086 3396 durch
1104 3345 1170 3394 eires
1187 3345 1307 3412 imperii,
1326 3353 1368 3402 tf.

100 3408 277 3474 respublicae
297 3411 339 3460 die
357 3413 419 3462 ldee
441 3413 489 3462 der
510 3415 675 3477 koniglichen
695 3414 784 3465 ltlacht
800 3415 974 3466 versinnllcht
997 3414 1162 3464 erscheineu.
1198 3415 1234 3463 So
1258 3415 1307 3478 10,
1326 3418 1368 3483 23,

101 3474 317 3539 15.10,16,1n
355 3481 408 3529 Der
432 3483 542 3532 nachste
566 3483 665 3531 Schritt
687 3482 758 3530 tuhrt
782 3482 830 3531 aui
852 3482 895 3532 die
921 3484 948 3530 ln
977 3495 1089 3532 unsercr
1116 3481 1194 3530 Stella
1218 3490 1369 3545 gasnachia

98 3547 285 3609 Anwendung;
306 3547 349 3596 die
369 3548 430 3597 ldee
451 3549 499 3598 der
512 3550 676 3611 koniglichen
692 3549 788 3599 hlacht
801 3550 969 3600 umschlicsst
988 3551 1030 3599 ‹lic
1042 3549 1212 3612 erlrnngen,
1231 3551 1280 3603 die
1295 3556 1370 3606 Dur.

99 3613 201 3676 legung,
222 3615 265 3663 dic
285 3616 454 3678 heusscrung
474 3617 623 3667 derselben.
1212 3648 1215 3653 ·

167 3702 209 3764 10,
229 3701 269 3765 19,
286 3703 308 3754 7.
346 3705 411 3753 Sed
417 3706 541 3756 uritur.
563 3709 605 3756 F.:
624 3704 778 3756 subducitur.
815 3708 870 3756 Nur
888 3706 936 3756 das
956 3706 990 3757 ist
1009 3707 1095 3771 abrig,
1112 3720 1168 3757 was
1186 3709 1244 3758 sich
1264 3713 1378 3773 immer,

98 3785 151 3821 ron
172 3773 233 3822 dem
254 3772 453 3823 unstcrblichen
473 3776 544 3825 Theil
565 3776 680 3835 loslbset,
708 3789 739 3824 sc
758 3775 820 3824 dass
845 3773 1027 3824 immortalitas
1056 3776 1131 3825 mehr
1156 3776 1182 3823 in
1203 3787 1369 3834 concretem

98 3842 179 3890 Sinna
198 3855 231 3891 zn
249 3841 338 3893 iusseri
366 3842 407 3899 ist,
432 3843 534 3892 ahnlich
554 3844 605 3891 wie
626 3846 702 3893 sonst
727 3840 874 3891 mortalitas
902 3858 1060 3906 gerrommen
1088 3843 1195 3892 werden
1223 3859 1315 3899 nrrrss.
1337 3877 1367 3887 -

97 3908 300 3974 nominique.
322 3911 364 3958 Z.:
383 3908 525 3974 hominique
542 3911 610 3960 nach
631 3911 706 3972 Conj.

165 3996 207 4059 10,
228 3996 269 4058 19,
287 3997 311 4049 8.
353 3998 482 4066 Capite.
503 4002 527 4050 S.
546 4002 600 4050 Liv.
616 3999 640 4064 3,
661 3999 704 4059 51,
726 3999 752 4050 1;
772 4000 845 4049 sine
865 4001 981 4067 capite
1000 3999 1135 4050 irruititudo
1153 4001 1240 4066 fuerit.
1264 4005 1367 4073 3‚7‚1;

97 4064 197 4114 deserta
215 4067 306 4127 omnia,
326 4068 397 4117 sine
415 4084 453 4116 ca
482 4068 544 4131 ite,
562 4067 616 4117 sine
633 4067 738 4117 viribus.
760 4096 788 4103 -
822 4067 948 4119 hocine.
968 4068 1132 4120 1².:hoene.
1152 4096 1179 4106 -
1211 4069 1254 4132 10,
1278 4074 1314 4126 19
1339 4075 1367 4129 9,

97 4132 237 4187 Romane.
270 4136 294 4185 S,
319 4137 411 4186 lustin.
439 4085 477 4198 ld,
497 4133 525 4186 2:
557 4135 682 4186 Perdicca
710 4141 792 4185 canet
817 4135 972 4186 Roxanes
1001 4137 1134 4204 expectari
1151 4144 1271 4205 partum,
1301 4118 1368 4211 q’au

98 4208 222 4251 ennete
245 4217 353 4251 manre
381 4210 523 4263 octavo,
549 4204 723 4254 maturatam
750 4218 782 4253 ea
799 4202 951 4254 Alexandro
972 4212 1046 4266 erat3
1078 4205 1265 4273 arripueram
1308 4230 1368 4281 φρ.

96 4269 180 4328 risset,
199 4267 265 4318 hunc
284 4269 343 4319 dari
357 4287 526 4322 successorem
536 4272 615 4338 patri.
627 4300 656 4309 -
672 4272 773 4323 cuiue.
792 4273 831 4322 P:
851 4273 912 4322 sias.
928 4300 957 4323 -τ
978 4273 1118 4338 quando.
1138 4276 1179 4326 Z.:
1201 4292 1253 4341 qua
1294 4299 1367 4348 oque.

93 4409 97 4416 ,
166 4358 206 4419 10,
224 4358 264 4423 00,
288 4359 328 4410 11.
363 4362 388 4411 E
409 4363 566 4413 Barsine.
604 4364 831 4414 Wahrschelnllch
859 4367 894 4416 ist
921 4367 965 4417 die
989 4367 1178 4417 Tochter'des
1202 4362 1368 4433 Artabazus,

98 4427 140 4475 dic
159 4429 267 4478 Wittwe
288 4429 336 4479 des
358 4432 491 4491 Memnon,
521 4432 643 4495 gemeint,
668 4432 743 4482 nicht
772 4432 815 4482 die
840 4437 947 4496 spatere
966 4435 1103 4484 Gernahlin
1127 4433 1175 4483 das
1204 4434 1368 4503 Alexander,

97 4494 140 4541 die
159 4494 241 4544 tiltere
258 4497 372 4547 Tochter
392 4499 440 4548 des
458 4501 561 4550 Darius.
578 4526 606 4534 -
632 4497 669 4561 10,
686 4497 726 4562 20,
747 4497 787 4549 ti.
813 4499 920 4575 Prope
937 4501 980 4551 ud
995 4500 1209 4552 seditionem.-
1222 4504 1266 4559 ἢκ
1280 4524 1370 4577 prope

98 4560 251 4612 seditionem.
273 4565 297 4614 S,
317 4578 349 4614 zu
370 4563 394 4627 4,
412 4563 455 4625 39,
473 4563 537 4629 17,
557 4564 596 4628 17,
614 4563 655 4615 20.
894 4586 918 4594 ’·
1008 4578 1011 4583 “
1125 4584 1128 4589 ’
1160 4572 1201 4595 '³'
1260 4580 1284 4601 '¹
1312 4588 1315 4593 ·
