2820 4964
76 162 138 227 ren
540 165 581 248 a.
614 165 755 256 cunni
772 167 871 231 nuri

75 341 138 398 tato
160 332 304 446 certanpqn
344 333 457 437 pelugit
479 334 519 394 ad
539 354 650 415 regem,
669 339 846 401 amissorum
865 324 1146 416 impedimentorum
1167 339 1256 405 testis
1277 362 1340 406 ma-

75 433 130 513 gis,
153 452 242 513 quam
259 423 310 492 vm
333 429 377 493 ex'.
417 424 508 492 ¹³1am
528 432 687 496 consilium
708 433 874 497 Alexandri
892 433 983 497 dolor
1000 433 1132 499 vicerat:
1154 442 1187 498 et
1205 456 1247 500 ne
1265 460 1341 503 cure

75 527 274 610 recuperandi
292 546 348 588 sua
367 527 490 589 militem
516 548 535 589 a
564 528 683 608 proelio
711 537 874 607 averteret,
900 550 962 593 non
989 530 1138 596 immerito
1164 535 1337 600 verebatur.

75 630 177 708 ltaque
203 625 332 701 Areten,
362 624 469 686 ducem
492 626 696 705 hastatorum,
726 627 969 708 (sarissophoros
1001 629 1161 707 vocabant)
1189 632 1338 697 adversm

75 725 203 803 Scythas
224 721 321 784 mittit.

157 820 247 881 LVll.
283 812 395 880 ¹⁴lnter
406 818 480 879 haec
495 836 612 893 currus,
630 818 681 900 qui
695 818 777 882 circa
795 820 1208 931 signaiprjqpaturbaverant
1228 826 1336 906 aciem,

74 920 105 981 in
124 916 302 998 phalangem
323 915 433 978 invecti
456 922 549 976 erant.
594 913 778 978 Macedones
807 887 998 983 confir-inat&
1013 938 1119 1045 upupis
1139 922 1173 984 in
1200 924 1334 987 medinm

74 1035 180 1098 agmen
209 1013 371 1093 accipiunt.
417 1008 538 1076 ¹⁵Vallo
565 1012 669 1074 similis
703 1013 876 1123 liepwerat:
910 982 1068 1077 iublifana
1095 1016 1197 1082 bastae
1234 1027 1268 1083 et
1297 1022 1334 1084 ab

73 1122 203 1193 utroque
223 1110 319 1172 latere
339 1115 451 1171 temere
470 1108 696 1197 incurrentium
727 1130 757 1171 1a
776 1110 985 1176 suffodiebant.
1029 1114 1198 1178 Circumire
1224 1119 1332 1181 deinde

74 1213 234 1274 curruset
254 1214 497 1287 propugnatores
517 1178 916 1287 ffffltbttltateooepemnt.
956 1203 1097 1290 ¹⁶lngens
1124 1213 1214 1276 ruina
1241 1235 1331 1298 equo.

73 1327 141 1370 rum
162 1305 392 1386 aurigarumque
419 1303 515 1366 aciem
535 1303 748 1383 compleverat
780 1304 820 1365 lli
836 1304 957 1368 territos
976 1326 1083 1387 regere
1099 1328 1162 1371 non
1183 1316 1332 1390 poterant,

72 1406 104 1467 bi
121 1403 228 1466 crebra
248 1401 408 1464 mctadone
430 1400 582 1463 cervicum
602 1420 665 1462 non
687 1401 789 1482 iugum
810 1401 903 1463 modo
921 1410 1131 1482 excusserant,
1158 1407 1217 1469 aed
1245 1408 1331 1471 etiam

73 1521 182 1566 currus
203 1505 387 1562 everterant:
412 1498 560 1560 vulnerati
580 1499 755 1560 interfectos
775 1499 945 1576 trahebant,
964 1520 1023 1561 nec
1040 1502 1208 1567 consistere
1236 1504 1330 1569 territi

72 1620 130 1662 nec
152 1596 296 1679 progredi
319 1596 434 1657 debiles
460 1601 608 1675 poterant.
652 1591 677 1634 ¹⁷
685 1597 803 1658 Paucae
831 1600 931 1658 tamen
959 1617 1081 1661 evasere
1107 1602 1274 1683 quadrigae
1302 1605 1330 1666 in

72 1698 206 1760 ultimam
232 1694 343 1769 aciem,
369 1693 423 1766 iis,
449 1693 559 1774 quibus
587 1696 772 1771 inciderunt,
800 1693 962 1755 miserabili
993 1702 1091 1758 morte
1124 1701 1330 1781 consumpta

73 1794 185 1876 quippe
204 1795 356 1869 amputata
373 1788 508 1850 virorum
528 1793 662 1854 membra
682 1792 764 1855 humi
788 1791 941 1867 iacebant,
968 1797 999 1853 et
1018 1792 1089 1874 qnia
1109 1793 1219 1858 calidis
1235 1797 1331 1860 adbuc
1372 1862 1374 1869 ,

72 1888 246 1952 vulneribus
268 1886 371 1946 aberat
390 1885 494 1963 dolor,
519 1891 617 1951 aunei
639 1909 760 1972 quoque
781 1896 811 1951 et
829 1888 944 1951 debiles
962 1909 1045 1952 arma
1062 1909 1126 1952 non
1146 1891 1329 1970 omittebant,
1372 1874 1374 1897 ¹

73 1988 170 2047 donec
189 1982 285 2044 multo
304 1981 449 2061 sangnine
472 1985 566 2047 effuso
589 1987 747 2048 exanimati
767 1985 1009 2067 procumberent

166 2073 193 2118 ¹⁸
201 2078 322 2140 Interim
341 2077 466 2157 Aretes,
496 2082 693 2161 Scytharum,
724 2083 775 2164 qui
804 2082 1015 2162 impedimenta
1035 2085 1231 2166 diripiebant,
1255 2089 1329 2151 duce

72 2181 186 2257 occiso,
204 2175 324 2258 gravim
345 2177 458 2239 territis
479 2176 616 2244 instabat.
648 2182 859 2260 Supervenere
879 2179 988 2244 deinde
1009 2202 1028 2244 a
1055 2184 1158 2246 Dareo
1178 2186 1329 2248 Bactriani

70 2295 250 2360 pugnaeque
276 2281 394 2336 vertere
420 2274 579 2340 fortunam.
629 2277 717 2339 Multi
747 2297 821 2357 ergo
850 2276 1049 2341 Macedonum
1080 2279 1189 2359 primo·
1217 2283 1329 2364 impetn

72 2375 173 2441 obtriti
192 2380 269 2449 sunt,
285 2373 389 2452 plures
409 2373 447 2433 ad
467 2373 672 2436 Alexandrum
692 2376 875 2453 refugerunt
915 2367 1026 2438 ¹⁹⁷1¹um
1048 2377 1173 2455 Persae,
1196 2380 1328 2443 eminere

72 2474 199 2549 sublato,
220 2469 340 2552 qualem
358 2470 490 2533 victores
510 2471 611 2533 solent
631 2472 729 2548 edere,
751 2471 894 2532 ferociter
912 2471 943 2534 in
964 2474 1089 2551 hostem,
1111 2477 1199 2556 quasi
1219 2477 1329 2559 ubique

71 2571 269 2654 profligatum,
281 2569 479 2630 incurrerunt.
507 2567 678 2630 Alexander
688 2567 810 2631 territos
824 2568 980 2649 castigare,
999 2571 1160 2648 adhortari,
1171 2573 1328 2651 proelium,

71 2669 154 2750 qnod
173 2667 232 2728 iam
248 2665 429 2746 elanguerat,
450 2665 533 2727 solus
555 2667 729 2745 accendere,
752 2665 993 2749 confirmatisque
1013 2667 1132 2730 andem
1152 2669 1269 2750 animis,
1287 2672 1328 2732 ire

72 2766 101 2829 in
119 2767 236 2826 hostem
258 2763 349 2827 iubet.

153 2861 256 2924 bVlll.
289 2854 318 2901 ²⁰
326 2860 435 2923 Rarior
455 2861 536 2924 acies
556 2867 620 2925 erat
641 2861 672 2924 in
688 2862 796 2923 dextro
818 2880 913 2925 cornu
923 2861 1093 2939 Persarum,
1114 2880 1246 2947 namquo
1262 2865 1328 2929 inde

71 3106 95 3170 3,
118 3105 158 3166 11,
177 3104 337 3155 tkommcn
361 3105 452 3154 indess
469 3106 512 3155 die
528 3105 643 3156 Albaner
667 3119 727 3169 vor,
754 3107 797 3157 die
821 3091 918 3156 Strabo
938 3088 1063 3158 ellenlells
1079 3121 1114 3157 zu
1134 3108 1187 3159 den
1204 3110 1328 3160 caucasi-

72 3176 153 3225 sehen
171 3175 286 3223 volkern
301 3172 418 3221 rechnen
433 3185 467 3220 zu
486 3175 593 3222 konnen
613 3173 712 3236 gleubt.
735 3200 767 3209 -
784 3173 923 3240 refugit.
944 3174 982 3224 F.:
1001 3173 1096 3241 effugit.
1128 3173 1327 3242 1111911111-

72 3242 193 3292 zeichnet
209 3240 307 3305 gerade
326 3240 369 3290 dte
386 3240 536 3303 Beziehung
553 3240 601 3291 der
620 3241 693 3303 that,
715 3241 758 3292 die
777 3243 835 3293 bier
854 3242 1004 3293 besonders
1021 3243 1244 3295 hervorzubeben
1264 3259 1328 3297 war.

140 3328 163 3396 1,
182 3329 223 3393 56,
242 3329 283 3382 13.
322 3328 596 3398 Scrisscpborca.
621 3332 660 3382 R:
689 3349 751 3398 quoa
776 3349 828 3384 sar.
864 3334 933 3386 Dass
960 3334 1004 3384 die
1024 3333 1137 3384 tamesae
1164 3335 1229 3386 sehr
1253 3338 1328 3401 lange

72 3405 171 3465 Speere
189 3414 287 3463 waren,
310 3401 346 3450 ist
365 3413 414 3450 aus
433 3401 488 3450 Liv.
507 3397 548 3462 37,
566 3397 607 3462 11,
629 3397 647 3449 4
666 3403 824 3454 ersichtlich.
856 3403 919 3453 Hier
945 3402 982 3453 ist
1005 3403 1083 3453 keine
1101 3402 1263 3469 Abtboilung
1281 3406 1328 3456 der

55 3469 332 3532 ι1111111111111111,
359 3467 465 3518 obwohl
492 3469 534 3519 die
551 3470 651 3532 Speere
674 3470 723 3520 der
741 3470 976 3521 Phalanxsoldaten
997 3471 1079 3533 jonon
1103 3471 1205 3522 Nomen
1233 3477 1328 3537 trugon

73 3539 103 3598 (s.
122 3540 193 3587 Curt.
213 3536 237 3598 9,
256 3533 296 3599 19,
319 3533 370 3598 19),
398 3537 515 3587 sondern
535 3538 579 3588 die
599 3534 682 3593 ἱππεῖς
702 3534 977 3607 σαρισσοφόροι,
1004 3537 1087 3589 deren
1104 3539 1199 3589 Arrian
1218 3554 1242 3591 a.
1259 3542 1287 3591 B.
1305 3540 1328 3601 1,

73 3603 113 3667 13,
132 3603 155 3654 1.
177 3603 201 3664 1,
220 3600 261 3666 11,
280 3605 301 3654 1.
318 3600 343 3665 1,
363 3599 388 3665 1,
404 3600 422 3653 6
438 3606 564 3655 erwabnt.
603 3606 678 3655 Aucb
695 3607 764 3657 wird
781 3605 825 3657 bei
841 3607 900 3656 Arr.
916 3601 943 3666 3,
965 3601 1004 3668 11,
1022 3603 1040 3656 3
1055 3606 1148 3657 Aretes
1165 3607 1204 3658 ala
1223 3609 1329 3660 annn-

72 3688 117 3723 rcr
136 3674 209 3723 einer
227 3672 327 3722 scheer
343 3672 454 3723 leichter
475 3674 571 3724 Reuter
588 3676 713 3737 genennt.

140 3760 166 3824 1,
182 3762 223 3827 57,
243 3761 281 3814 15.
319 3762 509 3814 lucacraat
529 3763 655 3815 bastae.
685 3766 709 3814 S.
730 3761 843 3824 11113,
860 3762 903 3824 17,
920 3762 949 3816 7;
968 3779 1066 3815 arma
1081 3764 1160 3815 amb
1177 3763 1328 3834 iungunt.

74 3858 102 3872 ·-
123 3829 146 3895 1,
166 3830 209 3892 57,
231 3828 269 3882 16.
307 3831 499 3884 lli-tie&
520 3832 689 3898 lii-equi.
722 3860 751 3869 -
779 3827 805 3892 1,
824 3829 866 3895 57,
886 3830 926 3882 17.
964 3831 1098 3885 Trunci
1129 3834 1217 3897 Vergl
1237 3836 1329 3887 lustin.

72 3900 98 3964 1,
118 3900 148 3952 9;
169 3901 313 3951 tentantia
330 3916 358 3950 ec
375 3902 542 3966 (Cynaegiro)
560 3901 680 3953 virtatem
696 3899 783 3965 faisse,
808 3907 837 3950 ut
853 3916 906 3953 coa
925 3907 963 3951 tot
979 3899 1098 3950 caedibaa
1117 3901 1256 3967 fatigatam,
1279 3919 1331 3953 aea

71 3968 168 4022 duabus
185 3968 299 4019 manitas
320 3969 419 4019 amasis
435 3969 525 4032 nictus,
545 3976 682 4020 truncus
702 3968 738 4019 ad
753 3975 916 4036 postremam,
932 3965 1012 4019 celasti
1031 3975 1055 4018 et
1070 3967 1164 4019 rabida
1179 3970 1248 4034 ser-a,
1266 3971 1330 4021 dea-

73 4039 137 4090 tilms
157 4038 322 4089 dimicaverit.

139 4127 165 4192 1,
184 4127 224 4194 57,
244 4127 284 4180 18.
318 4126 343 4178 Α
362 4127 482 4179 Dareo.
500 4128 542 4181 F.:
558 4127 630 4179 missi
647 4143 665 4178 a
683 4127 774 4178 Dario.
795 4154 828 4164 -
852 4124 879 4189 1,
896 4125 937 4189 57,
955 4124 995 4179 19.
1026 4127 1266 4179 incurrerent.
1287 4131 1328 4179 R:

71 4198 263 4248 1111111111-
284 4195 498 4263 elanguerat.
519 4198 544 4246 S.
561 4194 585 4259 6,
603 4195 627 4259 1,
649 4195 693 4246 11:
715 4194 816 4246 tandem
831 4195 963 4246 baconem
981 4195 1078 4247 actea
1097 4194 1330 4261 languescere.

72 4264 174 4329 tana,
196 4263 243 4316 13:
271 4262 720 4331 langueratmilitarirfaocr.
751 4266 811 4315 Tac.
831 4261 956 4329 Agrea:
986 4260 1226 4330 doaecimpetatt
1256 4280 1332 4314 arnae

72 4340 97 4382 et
115 4335 220 4397 favor
236 4333 363 4383 exercitata
383 4331 635 4398 languesceret.
656 4358 685 4369 ·-
704 4331 793 4382 solae
812 4331 1011 4395 accendere,
1030 4334 1082 4384 nde
1099 4329 1208 4394 5‚7‚5:
1254 4331 1330 4382 tter-

71 4401 134 4463 1111,
160 4401 205 4465 qai
225 4401 342 4450 emaum
365 4400 435 4466 apud
452 4398 658 4451 Halicarnasson
682 4416 700 4449 a
723 4399 863 4450 aemam
887 4398 1055 4468 proeliator
1080 4414 1162 4451 aaut
1190 4401 1331 4451 mactate

73 4468 284 4518 accenderat.
321 4465 512 4531 1711131158,
532 4465 572 4520 13.
598 4465 622 4530 6,
642 4464 683 4532 11,
699 4466 725 4519 8.
753 4471 808 4520 Liv.
830 4465 872 4531 11,
892 4466 936 4532 59,
954 4468 987 4521 8:
1007 4484 1061 4519 acc
1076 4482 1213 4519 accenseat
1231 4468 1329 4536 inqen-

74 4533 139 4585 tidac
158 4534 249 4584 amenis
264 4533 392 4602 praeliatas
408 4535 517 4586 abacia

139 4620 164 4687 t,
180 4622 221 4688 58,
239 4623 280 4679 10.
321 4626 456 4677 Dextro.
492 4620 673 4689 11111115,
703 4623 828 4679 buaren
854 4627 898 4680 die
919 4628 1076 4682 antennor
1096 4628 1225 4681 aut-dam
1240 4628 1328 4681 timeo
