2820 4964
113 223 184 288 roo
585 222 626 305 Q.
651 222 791 286 curru
814 224 910 288 auu

121 392 283 470 eedomm,
309 410 397 454 reemo
416 393 538 454 odium
563 391 724 473 superbum
741 392 836 475 ferre
862 401 996 474 cogetur.
1038 393 1106 455 Suu
1132 395 1242 474 cuique
1270 396 1382 460 deutra

121 498 179 552 aut
199 491 347 550 ultionem
371 497 416 550 tot
434 490 589 551 malorum
603 491 712 570 pariet
731 497 790 550 aut
799 490 912 569 finem.
948 483 1141 570 ¹⁵Equidem,
1164 512 1259 572 quam
1282 514 1382 556 uersa

121 587 190 649 bolis
199 587 343 668 fortuna
359 587 416 661 sit,
442 585 656 647 documentum
677 587 742 665 ipse
762 606 838 647 sum.
881 587 944 648 Nee
964 589 1116 648 immerito
1138 590 1277 649 mitiores
1307 592 1382 651 uices

120 688 184 746 cius
205 689 336 762 expecto.
378 680 440 742 Sed
456 682 486 741 si
501 682 584 743 iustu
603 703 641 744 ac
656 686 716 763 pia
738 680 816 743 bella
835 682 884 743 dii
902 691 1100 761 aversantur,
1110 681 1257 765 fortibus
1278 693 1380 746 tamen

119 783 195 844 uiris
213 778 315 842 licebit
333 777 454 837 honeste
473 779 561 838 mori.
603 771 699 839 ¹“Per
718 799 773 859 ego
795 798 846 839 nos
867 779 976 840 decora
1005 780 1173 857 maiorum,
1202 784 1261 860 qui
1289 785 1380 843 totius

120 879 246 940 orientis
263 894 361 954 regna
380 893 450 934 eum
469 873 661 935 memorabili
677 876 770 938 made
790 882 969 961 tenuerunt,
988 895 1049 955 per
1066 877 1136 937 illos
1155 878 1253 954 ueros,
1274 876 1379 959 quibus

119 973 304 1054 stipendium
325 970 512 1031 Macedonia
533 972 687 1048 quondam
705 973 787 1050 tulit,
805 992 865 1053 per
890 979 936 1032 tot
954 974 1083 1033 naucum
1103 974 1212 1034 classes
1231 976 1267 1034 in
1287 975 1375 1036 Grae-

119 1074 200 1132 ciam
217 1070 332 1142 missas,
348 1085 405 1144 per
426 1073 470 1125 tot
492 1073 617 1145 tropaea
635 1088 744 1148 regum
765 1088 818 1130 oro
839 1076 870 1130 et
890 1066 1025 1145 obtestor,
1045 1077 1082 1130 ut
1101 1069 1264 1130 nobilitate
1281 1078 1376 1131 outre

116 1168 275 1247 gentisque
305 1162 413 1239 dignos
441 1163 568 1239 spiritus
596 1166 736 1243 captatis,
763 1158 833 1224 ¹⁷ut
860 1163 965 1224 eadem
992 1169 1168 1227 cantantia
1193 1168 1375 1241 animorum,

119 1259 360 1342 quapraeterita
379 1258 539 1333 tolerastis,
561 1262 773 1339 experiamini,
794 1255 942 1339 quiequid
961 1261 1158 1341 inuasere
1179 1264 1298 1325 uteru
1327 1264 1375 1324 Mo

119 1366 199 1421 certe
218 1358 254 1416 in
270 1361 454 1434 perpetuum
475 1363 535 1415 out
552 1359 683 1418 uictoria
703 1359 827 1436 egregio
848 1355 1023 1419 nobilitabit
1039 1365 1099 1418 aut
1108 1377 1232 1437 pngrae.

200 1452 321 1516 XXVI.
363 1446 411 1496 ”¹2¹
422 1453 504 1513 Haeo
516 1452 633 1514 dicente
648 1456 756 1530 Dareo,
777 1453 944 1532 praesentis
962 1453 1090 1533 periculi
1108 1454 1227 1532 species
1247 1455 1374 1516 omnium

118 1551 207 1615 simul
229 1550 322 1612 corda
342 1549 516 1630 animosque
535 1550 662 1610 horrore
687 1550 917 1629 perstrinxerat,
938 1569 995 1610 uec
1015 1557 1066 1610 aut
1084 1550 1244 1612 consilium
1271 1571 1374 1631 suppe-

116 1651 199 1712 tebat
210 1654 262 1708 aut
279 1663 358 1707 vox:
381 1664 473 1724 quum
486 1642 662 1722 Artabazus
682 1644 900 1707 vetustissimus
923 1645 1097 1721 amicorum,
1119 1666 1209 1727 quem
1231 1648 1373 1728 hospitem

117 1747 210 1807 luisse
230 1740 362 1820 Philippi
383 1759 474 1820 saepe
494 1741 636 1817 diximus,
668 1742 731 1802 Nos
754 1761 841 1817 uero,
871 1741 981 1822 inquit,
999 1743 1254 1821 pretiosissimam
1272 1751 1374 1805 uestem

116 1841 238 1914 induti,
256 1839 424 1915 armisqsn,
446 1843 561 1914 quanto
581 1838 719 1896 monimo
735 1838 824 1898 cultu
837 1856 1016 1917 possumus,
1036 1837 1198 1914 adornati,
1218 1860 1323 1920 regem
1344 1841 1373 1900 in

117 1941 213 2000 aciem
235 1953 401 2012 sequemur,
419 1953 455 1991 ea
476 1931 596 2010 qnidam
615 1940 723 2010 mente,
743 1941 781 1993 ut
798 1935 960 1995 uictore'am
979 1952 1143 2013 speramns,
1164 1943 1297 1996 mortem
1317 1956 1373 1996 nm

116 2052 293 2094 recusemus.
342 2023 499 2088 ²Asseusu
521 2047 669 2106 excepere
699 2029 791 2091 ceteri
820 2032 896 2091 hanc
924 2048 1039 2092 vocem.
1083 2030 1144 2092 Sed
1173 2031 1372 2107 Nabar-canes,

116 2130 216 2210 quiin
235 2126 342 2188 eodem
364 2123 492 2186 consilio
513 2132 577 2185 erat
594 2118 663 2186 cum
682 2127 789 2202 Besso,
812 2126 938 2188 inauditi
959 2132 1045 2187 antea
1069 2127 1212 2188 facinoris
1235 2129 1372 2190 societate

115 2226 202 2301 inita,
223 2242 323 2301 regem
346 2240 432 2282 suum
455 2239 511 2299 per
532 2219 657 2297 militeS,
679 2221 789 2302 quibus
809 2223 897 2285 ambo
919 2229 1093 2303 praeerant,
1120 2225 1372 2302 comprehendere

116 2329 146 2384 et
157 2319 271 2380 vincire
284 2318 489 2391 decreverant,
511 2336 546 2377 ea
565 2322 672 2394 mente,
692 2324 733 2394 ut,
754 2318 780 2379 si
794 2319 965 2380 Alexander
986 2320 1071 2398 ipsos
1091 2319 1272 2400 insequutus
1291 2322 1372 2395 foret,

114 2418 223 2482 tradito
236 2434 308 2495 rege
319 2415 388 2475 vivo
406 2413 515 2473 inirent
536 2412 661 2492 gratiam
679 2413 813 2491 victoris,
836 2416 935 2495 magni
952 2417 1092 2495 profecto
1114 2416 1234 2495 cepisse
1246 2419 1372 2479 Dareum

114 2513 311 2584 aestimaturi;
332 2511 487 2571 sinautem
509 2529 578 2571 eum
599 2510 729 2589 effugere
750 2511 930 2590 potuissent,
946 2513 1104 2574 interfecto
1117 2514 1229 2590 Dasea,
1252 2533 1371 2595 regnum

113 2612 173 2690 ipsi
203 2617 387 2687 occuparent
410 2606 581 2687 bellumque
606 2612 794 2667 renovarent.
847 2601 934 2669 ³Hoc
967 2607 1160 2688 parricidium
1196 2630 1294 2690 quum
1328 2612 1372 2671 din

112 2707 306 2781 volutassent,
326 2703 518 2765 Nabarzanes
532 2703 644 2764 aditum
657 2701 788 2762 nefariae
811 2702 877 2782 spei
896 2724 1088 2784 praeparasse,
1102 2704 1172 2785 Seio
1192 2724 1251 2782 me,
1272 2706 1370 2788 inquit,

112 2805 294 2866 sententiam
315 2821 374 2861 esse
392 2800 558 2874 dicturum,
571 2800 679 2881 prema
698 2799 793 2881 specie
813 2799 1055 2880 basedqnaquam
1072 2798 1200 2861 auribus
1221 2805 1288 2864 tuis
1304 2825 1372 2884 gra

177 2986 203 3047 5,
224 2984 267 3045 25,
286 2981 326 3037 16.
351 2984 411 3055 Per
426 3000 485 3050 epo
506 2999 572 3034 uos.
591 2983 677 3046 Vergl.
696 2997 729 3032 zu
746 2981 771 3046 4,
787 2981 827 3044 55,
846 2980 886 3034 24.
909 3011 937 3020 —
958 2983 1059 3047 tulit,
1080 2984 1106 3034 d.
1125 2985 1141 3034 l.
1158 2980 1258 3052 φόρους
1275 2985 1370 3057 haspra

113 3057 137 3104 S.
156 3053 180 3116 3,
199 3053 223 3113 3,
241 3051 289 3102 23:
307 3051 434 3112 tributum,
454 3051 521 3115 quod
536 3067 568 3099 ne
585 3050 670 3099 Persis
687 3051 786 3115 quidem
808 3050 987 3103 tulissent.
1006 3080 1038 3087 -
1062 3051 1249 3117 pentisque
1270 3057 1310 3106 ist
1327 3056 1372 3106 all-

112 3123 247 3184 gemeiner
268 3119 305 3168 als
322 3125 417 3167 uestra
452 3121 563 3168 Warum
584 3119 658 3167 nicht
675 3117 871 3183 pestisque?

181 3209 204 3270 5,
225 3206 265 3268 ¹26,
285 3207 307 3257 1.
347 3206 461 3256 Corda
484 3207 693 3272 animosque.-
715 3209 754 3258 sie
772 3210 863 3260 hatten
886 3209 1081 3260 Besonuanheit
1106 3210 1163 3260 und
1181 3210 1259 3261 hluth
1282 3214 1371 3263 verlo-

112 3291 168 3327 ren.
188 3277 273 3339 Vergl.
292 3276 362 3338 Virg.
381 3277 444 3325 Aen.
464 3272 486 3335 1,
506 3272 557 3322 7⁴20
574 3275 615 3324 u:
633 3273 771 3338 paullatim
791 3276 893 3326 abolere
909 3275 1044 3326 &cloacam
1060 3276 1155 3343 Incipit
1172 3283 1198 3325 et
1215 3278 1277 3327 aian
1296 3284 1372 3328 tentat

109 3351 274 3412 praeuertere
292 3359 378 3392 amore
397 3342 453 3391 lum
468 3341 568 3407 pridem
586 3341 681 3390 resides
698 3343 821 3393 animos
839 3344 990 3409 desuetaque
1010 3344 1122 3393 corda.
1141 3371 1170 3380 -
1192 3349 1371 3410 perstrin-

112 3420 225 3462 nerat.
254 3412 341 3474 Vergl.
360 3411 416 3460 Liv.
435 3409 457 3471 1,
476 3407 519 3468 25,
538 3406 570 3458 4:
590 3408 633 3457 ubi
647 3410 730 3475 primo
747 3412 835 3460 statim
853 3427 978 3461 conmtrsn
993 3411 1142 3477 increpuere
1161 3427 1248 3472 amna,
1275 3415 1372 3465 mican-

113 3489 198 3544 tesque
214 3479 310 3542 fulsere
326 3477 416 3543 pladii,
436 3476 562 3526 horror
581 3477 699 3542 inqens
715 3486 914 3544 spectantes
929 3479 1154 3544 perstrinqit,
1185 3486 1210 3527 et
1223 3489 1321 3532 neutro
1335 3483 1372 3531 in-

113 3546 213 3596 clinata
230 3563 280 3610 spe,
308 3544 470 3611 torpebat
490 3561 552 3593 aon
571 3545 732 3610 spiritusque.
770 3548 799 3595 ln
817 3547 989 3610 Verbinduug
1005 3549 1055 3596 mit
1075 3546 1168 3595 horror
1184 3546 1297 3600 bezieht
1321 3550 1372 3602 siah

108 3615 283 3681 perstrinqere
303 3613 350 3662 aut
365 3615 424 3663 eine
438 3613 576 3672 affection,
598 3615 699 3664 welche
716 3614 759 3663 die
780 3615 864 3664 durch
878 3615 1029 3664 Schrecken
1044 3613 1293 3677 hervorgebrachte
1305 3618 1373 3668 Lah-

111 3696 193 3744 mung
214 3683 261 3730 der
282 3682 376 3729 inuern
396 3681 638 3744 Lebensth'atigkeit
661 3681 745 3731 durch
766 3682 809 3732 die
829 3682 959 3731 Starrhait
985 3682 1033 3731 der
1057 3688 1169 3731 aussern
1189 3682 1372 3747 Erseheinunss

110 3749 231 3799 sichthar
250 3749 359 3798 werden
378 3749 451 3799 lasst.
481 3751 534 3798 Das
547 3749 652 3810 Princip
670 3749 718 3798 der
728 3748 971 3812 Lehensthatigkeit
983 3750 1020 3799 ist
1037 3749 1122 3799 durch
1141 3748 1197 3798 und
1215 3750 1307 3802 durch
1325 3766 1372 3817 ge-

110 3817 266 3866 bunden.—
289 3815 505 3881 suppetebat.
535 3818 559 3864 S.
570 3816 624 3865 Liv.
635 3815 661 3876 8,
675 3811 753 3877 19,6;
777 3814 892 3866 Vitruvio
903 3823 1372 3882 nec-sonaconstaremens,nec,ut

111 3883 209 3950 lonqius
227 3900 244 3933 a
264 3884 356 3932 castris
376 3883 516 3946 dimicaret,
536 3883 663 3932 animus
687 3891 880 3949 suppetere.
910 3881 953 3943 22,
971 3882 995 3946 5,
1013 3881 1042 3934 3:
1069 3890 1097 3932 ut
1113 3884 1159 3932 oia
1178 3882 1214 3932 ad
1230 3901 1312 3936 asma
1329 3902 1371 3937 ca·

107 3952 203 4018 pianda
219 3951 381 4017 aptandaque
398 3968 500 4017 pupnoe
517 3958 726 4066 competeret
743 3951 881 4002 animus.
901 3978 930 3988 -
951 3951 1213 4000 uetustissimus.
1244 3954 1271 4003 S.
1290 3951 1316 4019 6,
1335 3951 1370 4011 32,

109 4018 132 4070 1.
144 4019 168 4083 8,
190 4018 275 4082 «110.
295 4017 320 4079 6,
339 4017 380 4079 41,
401 4018 424 4070 1.
442 4019 495 4068 Liv.
516 4017 557 4081 32,
596 4016 685 4079 210:
705 4018 866 4079 dictatorem,
887 4019 930 4084 qui
956 4034 1045 4067 cursor
1067 4026 1126 4067 uerte
1150 4017 1249 4081 fuisset,
1273 4029 1371 4071 uetu-

108 4088 331 4154 stissimusque
356 4104 388 4135 en
406 4087 447 4148 iis,
476 4087 519 4151 qui
535 4087 657 4146 uiuerent,
684 4087 805 4136 censoriis
825 4094 897 4146 esset,
918 4086 1005 4135 creari
1022 4084 1131 4152 plausit.
1146 4112 1175 4121 -
1197 4084 1370 4154 hospitem.

109 4159 135 4207 S.
147 4153 170 4218 6,
184 4152 224 4217 tt,
241 4154 264 4204 2.
288 4183 320 4191 -
341 4171 449 4218 saepe.
478 4155 705 4205 Wahrsoheinh‘ch
723 4168 771 4205 aus
787 4170 894 4221 supra
911 4153 1108 4205 verschrteben.
1131 4180 1160 4190 -
1182 4155 1370 4216 pretiosis·

108 4223 362 4272 simamoestem.
394 4223 431 4271 F.:
454 4222 639 4287 pretiosissima
664 4222 777 4272 uestium.
815 4222 902 4286 Vergl.
927 4220 952 4284 5,
978 4219 1020 4283 20,
1047 4219 1077 4270 7:
1103 4219 1371 4288 pretiosissima

108 4290 252 4340 uestium
270 4290 394 4339 induti.

176 4379 200 4440 5,
219 4377 260 4442 26,
277 4379 300 4430 2.
338 4379 352 4428 l
381 4381 417 4429 si.
445 4381 486 4430 F.:
515 4379 571 4428 sibi.
600 4407 628 4415 -
656 4378 680 4440 5,
699 4377 741 4438 26,
761 4377 784 4429 3.
817 4378 1044 4430 Volutnssent.
1073 4382 1098 4430 S.
1117 4382 1143 4430 C.
1161 4377 1187 4439 5,
1205 4377 1247 4442 33,
1270 4381 1313 4433 10.
1335 4380 1370 4443 10,

107 4443 150 4506 26,
171 4446 194 4496 7.
216 4449 269 4497 LiV.
288 4444 328 4510 31,
363 4445 386 4509 6,
408 4445 435 4496 ti:
462 4447 521 4496 hus
546 4445 755 4497 conditiones
774 4447 997 4512 quamquamise
1022 4447 1252 4497 salutauerat
1279 4450 1308 4498 in
1328 4466 1370 4499 se·

109 4521 178 4561 creto
197 4530 253 4562 curn
272 4516 370 4563 amicis.
392 4543 420 4551 —
442 4515 570 4564 aditum
594 4514 675 4579 spei.
710 4515 796 4578 Vergl.
817 4517 870 4564 Liv.
889 4513 915 4578 5,
936 4465 976 4576 12,
999 4511 1029 4565 4:
1060 4532 1136 4582 quum
1156 4521 1194 4563 tot
1216 4516 1370 4566 exercitibus

108 4579 232 4696 stipendio
251 4597 312 4646 opus
333 4589 396 4630 esset
411 4598 500 4648 resque
518 4581 626 4631 militiae
645 4581 684 4629 ita
699 4598 822 4648 prospere
856 4590 995 4644 eruustur,
1016 4581 1134 4632 utnulla
1157 4580 1221 4631 bello
1239 4585 1370 4634 ueniretur

107 4663 125 4696 a
167 4646 290 4697 emitum
306 4649 384 4717 spei.
405 4677 432 4686 -
455 4648 567 4716 primu
583 4647 708 4714 speeie,
723 4651 775 4701 wic
794 4647 818 4712 9,
850 4648 926 4714 ’,10
947 4652 999 4701 Cic.
1017 4651 1106 4702 defin.
1127 4647 1153 4710 1,
1173 4647 1215 4713 22,
1234 4647 1268 4702 61
1279 4668 1291 4721 τΙ
1306 4666 1370 4718 quae
