2820 4964
746 14 756 19 ··
783 14 872 29 *mv-:s
882 14 1096 33 'W‘

331 218 366 283 V.
388 220 488 283 XVII.
512 221 604 283 3-8.
624 220 739 285 XVIII.
760 170 873 297 9216.
895 222 982 286 XIX.
1008 227 1053 286 17.
1264 222 1323 289 Iol

64 400 103 451 ut
125 409 211 449 nunc
228 397 279 464 est,
300 390 451 467 supplicia
470 396 577 448 nostra
597 391 744 467 (quorum
765 410 820 450 nos
829 391 950 469 pudeat
963 391 1072 470 magis,
1096 410 1140 450 un
1157 394 1320 470 poeniteat,

64 490 216 547 incertum
242 490 302 563 est)
331 493 482 545 ostentare
511 486 658 546 Graeciae
683 487 769 546 uelut
796 487 912 571 lactum
939 488 1144 565 spectaculum
1173 490 1320 566 cupimus.

64 579 85 621 ¹¹
98 584 195 661 Atqui
205 585 315 660 optime
332 583 470 642 miserias
479 568 610 662 ferunt,
631 582 686 658 qui
704 564 911 643 atscoaoin'i:
929 602 985 642 nec
1004 584 1157 642 nlla'tum
1168 583 1320 662 familia-

64 684 108 740 ris
128 660 366 756 ostiufelicibus
381 680 509 757 patria,
525 698 617 756 quom
637 668 820 738 solitndo'et
838 685 937 738 status
955 680 1072 756 prioris
1092 669 1320 740 obstrusam

64 778 120 856 qui
134 776 268 836 multum
286 776 320 833 in
338 793 465 833 suorum
486 774 695 833 misericordia
708 763 849 851 ponunt,
866 761 1042 866 p'gnorulit,
1068 794 1162 852 quam
1183 760 1324 835 celeriter

63 875 211 933 lacrimae
228 864 414 953 inarescant.
457 858 741 948 ¹²Nemb‘fideliter
768 864 889 949 diligit,
914 889 1002 947 quem
1012 857 1163 948 fastidil;
1191 880 1320 932 namet

63 970 226 1029 calamitas
245 952 381 1042 queneto
395 971 439 1023 est
460 973 492 1025 et
505 964 632 1042 supserba
644 965 796 1043 felicitas.
838 968 888 1040 ltu
907 985 996 1025 suam
1014 967 1320 1045 qaisquefortunam

61 1066 97 1122 iu
120 1063 246 1122 consilio
268 1059 372 1135 habet,
393 1080 489 1137 quum
510 1061 546 1120 sle
565 1061 669 1119 alicua
692 1059 845 1122 deliberat.
887 1063 958 1124 Nisi
972 1070 1080 1122 mutuo
1110 1082 1237 1151 essemus
1261 1067 1319 1124 mi-

61 1161 139 1232 seri,
163 1158 236 1218 olim
257 1157 339 1217 alius
360 1158 421 1218 alii
433 1157 635 1234 potuittemus
652 1176 711 1216 esse
721 1157 878 1236 fastidio:
908 1158 984 1235 quid
1001 1159 1116 1218 mirum
1135 1144 1193 1232 eit,
1205 1157 1319 1245 fortu-¹

62 1261 153 1312 natos
173 1270 287 1329 semper
299 1271 408 1330 parem
428 1256 596 1330 quaerere?
636 1247 660 1289 ¹³
670 1250 794 1313 Obsecro
814 1273 872 1329 oos,
892 1239 964 1314 olim
984 1256 1049 1314 ulta
1068 1251 1213 1332 defuncti
1231 1275 1320 1332 quae

61 1368 170 1409 ramus
188 1349 302 1422 locum,
328 1350 364 1408 in
385 1346 447 1426 quo'
471 1347 546 1407 baec
576 1367 687 1411 semesa
714 1346 849 1407 membra
878 1339 1057 1424 obruamus,
1085 1347 1141 1408 ubi
1162 1351 1320 1411 horribiles

61 1445 220 1504 cicatrices
240 1434 469 1504 celelesilium.
514 1442 608 1503 Grati
619 1440 749 1520 prorsus
768 1441 961 1520 coniugibus,
986 1463 1062 1519 quus
1083 1447 1204 1504 iuuenes
1229 1448 1319 1506 durl-

60 1560 137 1614 mus,
159 1528 364 1599 reoertemur!
393 1538 502 1599 Liberi
513 1538 548 1597 in
562 1539 648 1620 flore
669 1543 703 1595 et
719 1541 829 1598 aetatis
844 1545 876 1597 et
895 1555 999 1596 rerum
1021 1549 1190 1616 agnoscent
1204 1549 1317 1619 patres,

60 1635 213 1714 ergastuli
237 1635 440 1698 aletre'osenta'!
475 1627 551 1697 14Iit
569 1640 663 1711 quotu
679 1651 760 1711 pars
777 1626 879 1692 nostri
898 1631 946 1692 tol
964 1622 1046 1693 obire
1074 1627 1175 1693 terras
1197 1642 1318 1712 potest?

60 1734 177 1792 Procul
187 1733 379 1808 ¹Europaeis
401 1733 515 1821 ultima
537 1730 663 1790 orientis
686 1713 825 1807 stupea,
841 1747 936 1802 senes,
957 1726 1071 1805 debiles,
1092 1731 1208 1790 maiore
1227 1751 1319 1792 mem-

60 1827 185 1887 brorum
198 1833 290 1904 parte
308 1816 444 1904 multati}
465 1825 661 1887 tolerabimus
676 1826 798 1899 scilicet,
813 1844 898 1912 *quae
916 1833 1053 1887 armatos
1069 1834 1100 1886 et
1119 1811 1317 1908 uictoresJa-

60 1926 213 2001 tigarunt.
251 1915 431 2001 15θαααάαςαα
452 1924 568 1999 deinde
590 1941 668 2000 quas
688 1922 787 2000 crustu·
796 1921 876 2000 fem
897 1928 930 1980 et
946 1925 1105 1983 necessitas
1124 1925 1252 1984 unicum
1272 1945 1317 1985 so

59 2021 172 2081 unum
184 2019 342 2097 applicuit,
355 2038 526 2097 porcosque
539 2017 654 2093 liberos,
675 2017 827 2077 trahimus
844 2015 1009 2093 nobiscum,
1028 2037 1072 2078 aa
1090 2020 1317 2097 relinquimus?

60 2115 137 2178 Cum
157 2113 204 2172 bis
221 2117 373 2173 uenientes
394 2135 481 2175 nemo
500 2119 662 2194 agnoscere
679 2115 767 2174 uolet.
801 2109 1056 2191 ¹⁶Itels'nquemus
1073 2134 1145 2192 ergo
1166 2117 1315 2195 extemplo

51 2209 232 2290 praesentia
248 2210 397 2283 pignora,
418 2214 511 2284 quum
532 2212 686 2268 incertum
704 2211 759 2283 sit,
779 2229 823 2267 an
842 2210 943 2268 cauri
961 2211 1056 2270 simus
1074 2211 1144 2286 ula,
1170 2232 1249 2290 quae
1257 2232 1313 2290 pe-

58 2306 176 2368 timus?
204 2303 289 2360 Inter
307 2301 359 2359 hos
378 2302 536 2362 latendum
555 2311 607 2379 est,
629 2305 684 2379 qui
703 2323 758 2363 nos
779 2306 902 2371 miseros
919 2324 1003 2364 nosse
1020 2315 1190 2385 coeperunt.
1232 2310 1314 2371 Haec

57 2404 235 2462 Euctemon.
403 2398 425 2410 ''
450 2402 453 2406 '
714 2411 717 2416 ’

82 2544 94 2577 -:
141 2493 230 2553 XIX.
266 2486 411 2552 ¹⁷Contra
428 2492 608 2552 Theaetetus
629 2494 817 2554 Atheniensis
837 2513 926 2557 orsus
953 2501 999 2554 est
1018 2495 1132 2555 dicere:
1155 2497 1314 2559 NemInem

57 2572 141 2671 pium
164 2587 266 2648 habitu
289 2586 427 2664 corporis
441 2599 520 2661 ¹suos
539 2586 773 2662 aestisnaturum,
793 2569 899 2673 ritihus
918 2576 1041 2650 saevitia
1058 2591 1163 2677 hostis!
1181 2611 1246 2655 non
1264 2613 1315 2656 na-

58 2697 126 2749 tura
152 2684 352 2745 calamitosos.
395 2684 525 2763 Dignum
547 2703 621 2745 esse
649 2683 731 2744 omni
759 2684 848 2758 malo,
878 2686 926 2766 qui
956 2670 1312 2751 erubesceret'hhrtuito:

57 2785 173 2844 tristem
193 2781 271 2841 enirn
293 2780 330 2839 de
341 2781 520 2885 mortalitate
543 2781 624 2879 ferre
643 2780 817 2847 sententiam
834 2786 864 2841 et
885 2781 1045 2861 desperare
1067 2781 1313 2860 misericordiam,

58 2988 185 3041 schoben.
209 3015 236 3023 -
259 2993 293 3036 ut
313 3000 393 3034 nanc
417 2993 476 3045 est,
504 2986 555 3034 wie
570 2982 596 3044 9,
616 2981 660 3044 ⁸21,
678 2981 707 3033 6:
727 3001 791 3034 cara
810 2982 903 3035 salutis
922 2992 987 3046 tuae,
1006 2993 1042 3034 at
1066 3001 1153 3036 nanc
1180 2978 1240 3053 est,
1268 2991 1315 3040 tibi

25 3102 28 3106 .
57 3056 126 3106 attis.
152 3057 200 3104 Die
213 3055 315 3104 Formet
334 3052 403 3101 wtrd
421 3054 447 3101 in
464 3053 671 3102 verschiadoner
682 3052 841 3116 huffassung
859 3054 907 3102 des
925 3055 1101 3116 Gogensstzes
1120 3069 1173 3105 von
1191 3056 1240 3107 der
1259 3061 1313 3109 Ga-

57 3127 179 3188 genwart
199 3137 246 3170 zur
265 3121 476 3184 Vergangenheit
503 3121 559 3170 und
575 3133 624 3169 zur
644 3120 760 3169 Zukuntt
778 3120 934 3184 gebraucht.
955 3148 983 3156 -
1005 3129 1128 3172 nostra
1146 3125 1214 3174 nach
1231 3125 1314 3192 suppl.

58 3206 112 3241 von
132 3195 157 3240 Ζ.
177 3189 381 3252 eingeschohen.

126 3279 149 3340 5,
172 3277 211 3339 18,
231 3280 269 3328 11.
300 3276 418 3342 Atqui.
439 3275 479 3324 It:
498 3280 527 3323 at
545 3275 574 3328 ii.
596 3303 624 3312 -
643 3284 784 3391 possunt.
812 3276 898 3341 vergi,
915 3262 1080 3331 eichaha,
1098 3277 1122 3344 2,
1143 3279 1183 3343 13,
1204 3280 1235 3334 3:
1253 3299 1312 3333 are.

57 3347 251 3406 dibilenonest,
265 3343 521 3411 qscantumcpoin
537 3344 635 3392 consi

57 3423 102 3476 est,
123 3415 333 3480 quantumin
349 3426 462 3462 autore
482 3417 513 3458 et
532 3411 606 3473 fide
621 3427 747 3477 ponam.
775 3410 890 3475 heom,
908 3410 951 3474 28,
972 3412 1020 3467 bi:
1039 3415 1219 3480 sedquoniam
1236 3425 1312 3469 tass-

57 3493 128 3532 tum
145 3484 181 3531 in
200 3498 235 3531 ea
254 3489 329 3530 arte
348 3477 496 3546 ponitis,
517 3478 609 3537 uidete,
628 3495 659 3526 ne
677 3486 828 3529 contraeas
845 3487 900 3529 tota
916 3488 981 3532 nata
1000 3482 1042 3531 stt.

127 3570 273 3636 5,18,13.
305 3563 472 3620 seorsus.
510 3572 557 3618 Die
577 3570 652 3618 Kratt
676 3571 723 3620 des
745 3571 853 3621 Wortes
879 3573 904 3620 in
927 3572 1080 3622 tronischen
1099 3575 1194 3624 Setzeo
1209 3574 1313 3639 ,beruht

57 3643 159 3700 darauf,
186 3642 249 3689 dass
270 3655 298 3689 ⁰8
318 3639 387 3688 d‘dzu
406 3639 528 3700 bettrcgt,
558 3639 608 3687 den
629 3639 772 3687 Gedanken
792 3638 896 3688 auidis
914 3640 1002 3701 Spttze
1020 3654 1052 3689 zu
1070 3642 1162 3691 stetten
1180 3642 1236 3693 und
1259 3645 1312 3694 da-

56 3711 143 3761 durch
161 3709 235 3758 seins
252 3705 486 3767 WIdcrsinnigkcit
506 3705 582 3753 recht
606 3706 834 3768 eugenscheinlich
852 3720 885 3754 zu
905 3707 1023 3756 machon.
1050 3734 1078 3742 -
1108 3707 1144 3756 ta
1169 3707 1264 3773 flore
1283 3717 1312 3759 ,ι

56 3776 179 3826 aetatis
200 3783 381 3832 eteorum,
401 3770 509 3832 wie10,
530 3770 569 3833 15,
591 3770 635 3820 Νι
660 3771 846 3838 indiquantium
863 3788 943 3834 voces,
972 3780 1035 3822 tam
1060 3774 1204 3825 uiridem
1228 3785 1258 3826 et
1280 3777 1312 3827 in

55 3843 151 3909 (lore
171 3843 303 3891 aetatis
319 3843 545 3903 fortunaeque
562 3866 593 3874 -
615 3846 727 3904 ereptum
746 3855 798 3888 esse
813 3838 888 3888 rebus
906 3838 1026 3891 humanis.
1044 3839 1069 3903 7,
1086 3839 1109 3904 6,
1127 3839 1150 3893 1,
1166 3840 1190 3906 6,
1212 3842 1309 3906 18,931

58 3940 88 3949 -
110 3917 226 3978 patres
245 3911 285 3958 It:
306 3916 329 3956 et
347 3909 453 3970 fratres.
476 3933 503 3942 -
526 3904 737 3955 detrimenta.
777 3907 949 3956 Abstractum
968 3922 1017 3970 pro
1036 3914 1164 3970 caneret,
1191 3913 1242 3962 wi0
1266 3912 1310 3961 bei

56 3981 111 4030 den
126 3979 257 4028 Gricchen
275 3992 296 4024 a.
316 3979 343 4024 B.
364 3973 511 4042 ἐπίτριμμα,
530 3971 692 4042 περίτριμμα,
711 3969 844 4042 κάθαρμα.
876 3976 962 4037 Vergl,
978 3971 1005 4034 6,
1025 3972 1066 4038 41,
1085 3974 1118 4025 ⁶2:
1142 3986 1313 4043 pumma

56 4062 194 4096 servorum.
219 4043 260 4103 10,
280 4044 304 4105 7,
323 4042 353 4091 7:
368 4048 537 4107 purpamcata
554 4040 680 4106 quondam
697 4039 767 4090 urbis
785 4057 855 4102 saue,
877 4049 938 4090 tanc
955 4042 1032 4092 etiam
1051 4042 1132 4093 exuit,

126 4135 150 4197 5,
170 4133 209 4194 18,
229 4131 267 4182 11.
307 4131 412 4181 Obice.
451 4134 476 4180 S.
496 4127 522 4189 1,
540 4128 582 4191 21,
603 4129 634 4180 5:
650 4131 825 4180 senescendum
843 4132 903 4195 sore
927 4137 1056 4181 tantum
1080 4140 1247 4184 terrarum
1271 4134 1313 4186 acl

56 4203 112 4251 siae
127 4201 225 4268 praelio
244 4199 386 4249 obeunti.
406 4227 438 4234 -
458 4196 601 4248 nsuttati.
633 4200 707 4250 huch
725 4203 803 4249 sonst
820 4199 888 4249 wird
909 4197 1020 4248 multare
1037 4201 1167 4252 zuweiIen
1186 4204 1236 4252 mit
1250 4205 1312 4254 dem

57 4270 161 4319 Ahtativ
179 4271 227 4318 dar
245 4268 330 4317 sache
349 4266 517 4325 verbunden,
537 4266 621 4316 deren
640 4266 753 4316 Jemend
773 4281 821 4316 zur
840 4266 927 4316 Strato
945 4267 1062 4318 boraubt
1078 4270 1155 4319 wird.
1178 4297 1206 4306 —
1227 4269 1251 4334 5,
1271 4270 1311 4334 18,

59 4336 98 4386 15.
128 4335 219 4384 Fors.
240 4336 283 4384 It:
303 4349 365 4382 sors.
395 4334 472 4383 Nicht
488 4334 685 4396 dasGeschick,
704 4336 822 4386 sondern
842 4335 891 4386 der
907 4335 998 4397 Zutatt,
1016 4335 1065 4387 das
1083 4337 1229 4400 Ungete'hre
1247 4339 1311 4390 des-

58 4404 152 4454 setben
172 4405 276 4453 kommt
291 4403 349 4452 hIer
368 4404 394 4450 in
411 4402 544 4453 Betraaht.

126 4492 150 4555 5,
170 4490 270 4553 1o,17.
298 4492 472 4542 Fortuita.
500 4492 541 4540 F.:
558 4489 675 4553 fortuita.
705 4492 729 4541 S.
741 4494 767 4541 C.
788 4488 812 4554 1,
829 4489 873 4552 21,
889 4489 922 4542 1:
940 4490 1074 4559 paucitate
1100 4508 1202 4545 sacrum
1222 4496 1311 4545 eruhe-

57 4561 177 4611 sceadam
197 4567 242 4609 est.
266 4588 294 4597 -
314 4558 546 4610 mortalitate.
579 4559 614 4607 So
632 4555 660 4618 9,
681 4557 721 4621 It,
740 4557 772 4608 7:
794 4559 914 4626 quicquid
931 4557 1122 4610 mortalitas
1142 4576 1234 4629 capere
1251 4573 1312 4630 pot-

59 4636 127 4691 erat,
152 4627 315 4696 implevimus.
341 4626 366 4691 8,
388 4625 430 4688 16,
448 4623 548 4690 2110,
568 4623 611 4688 18,
629 4622 670 4677 36.
706 4628 752 4678 Etr
772 4630 933 4680 nementlich
949 4630 976 4679 in
995 4628 1045 4680 der
1064 4632 1173 4694 spe'tern
1192 4633 1315 4685 Latinitet

658 3344 699 3392 iis
717 3345 948 3412 etprusientia
962 3354 1033 3408 tua,
1052 3349 1313 3414 qaodquemaas'mum
