2820 4964
99 176 163 241 aaa
565 173 603 251 o.
637 169 895 233 scamnum

102 348 248 422 praeerat,
274 343 379 422 quise
400 340 481 420 regis
502 340 644 418 potestati
667 339 797 421 fideique
823 339 965 419 permisit.
1007 336 1061 399 llle
1088 335 1216 416 imperio
1249 336 1280 396 ei
1303 337 1369 398 red-

104 439 167 500 dito
188 439 267 499 baud
289 439 424 518 amplius,
447 457 535 518 quam
555 442 589 498 ut
609 438 671 499 duo
689 456 727 500 ex
747 438 843 498 tribus
864 435 933 496 filiis
951 455 1053 497 secum
1069 433 1240 507 militarent,
1262 434 1368 512 exegit.

104 530 281 613 ²²Satrapes
303 537 392 597 etiam
414 554 491 609 eum,
523 533 575 613 qui
595 553 688 612 penes
710 534 808 612 ipsum
829 532 1062 611 relinquebatur,
1092 529 1192 591 tradit
1235 531 1371 591 Barbara

105 631 261 711 opulentia
293 631 471 705 convivium,
502 648 564 710 qno
595 648 697 708 regem
728 630 903 708 accipiebat,
936 628 1125 699 instruxerat.
1172 620 1247 687 23ld
1278 646 1370 706 quum

105 728 199 789 multa
224 729 364 790 comitate
385 727 559 800 celebraret,
587 725 738 786 introduci
760 726 861 786 XXX
883 725 1000 787 nobiles
1021 724 1155 803 virgines
1182 723 1282 785 iussit.
1325 725 1370 784 lrl

105 830 153 884 ter
173 845 248 905 quas
268 831 331 886 erat
349 824 411 884 filia
431 823 535 902 ipsius,
555 823 680 882 Roxane
698 822 828 898 nomine,
860 821 968 882 eximia
988 820 1127 900 corporis
1145 820 1252 899 specie
1272 821 1370 881 etde

106 939 180 982 core
203 922 321 982 habitus
345 923 375 979 in
402 918 538 979 barbaris
565 937 645 979 raro.
693 912 816 999 24(,)uae
846 938 1025 999 quamquam
1051 917 1129 979 iuter
1156 917 1274 978 electas
1301 936 1368 995 pro

106 1024 247 1092 cesserat,
277 1017 409 1078 omnium
431 1021 528 1075 tamen
552 1015 658 1076 oculos
689 1015 837 1076 convertit
864 1015 895 1075 in
924 1034 967 1091 se,
996 1014 1124 1075 maxime
1148 1013 1242 1092 regis,
1273 1014 1366 1075 miuus

106 1111 164 1172 iam
187 1112 399 1191 cupiditatibus
424 1112 486 1173 suis
508 1112 681 1192 imperantis
709 1110 787 1171 inter
807 1111 953 1191 obsequia
973 1113 1120 1185 fortunae,
1150 1116 1367 1191 contraquam

105 1226 168 1268 non
196 1209 267 1270 satis
295 1216 382 1270 cauta
407 1208 573 1269 mortalitas
599 1214 653 1269 est.
702 1201 838 1287 ²⁵ltaque
870 1206 930 1284 ille,
957 1207 1010 1288 qui
1036 1225 1163 1267 uxorem
1184 1207 1291 1283 Darei,
1321 1206 1367 1287 qui

106 1303 181 1365 duas
200 1303 277 1366 lilias
294 1306 434 1384 virginee,
459 1305 568 1384 quibus
593 1305 691 1365 forma
711 1311 832 1383 praeter
850 1306 996 1366 Marenen
1016 1303 1187 1383 comparari
1207 1303 1296 1365 nulla
1317 1322 1368 1383 po

105 1402 191 1475 terat,
220 1400 300 1462 haud
319 1402 379 1461 alio
402 1400 510 1476 animo,
540 1420 628 1481 quam
647 1400 788 1479 parentis,
815 1406 981 1479 aspexerat
1009 1406 1081 1464 tunc
1106 1399 1138 1461 in
1155 1418 1297 1460 amorem
1315 1399 1368 1460 vir-

105 1496 263 1573 gunculae,
287 1498 313 1559 si
335 1499 436 1577 regiae
458 1497 544 1576 stirpi
564 1503 796 1576 compararetur,
819 1496 970 1576 ignobilis,
991 1496 1033 1558 ita
1053 1497 1166 1557 ellusus
1189 1501 1246 1573 est
1275 1502 1311 1557 ut
1330 1495 1368 1555 di-

106 1598 199 1667 ceret,
227 1594 266 1654 ad
292 1594 503 1656 stabiliendum
529 1612 652 1672 regnum
674 1593 835 1672 pertinere,
856 1594 965 1654 Persas
996 1599 1025 1654 et
1046 1592 1231 1654 Macedonas
1258 1611 1368 1653 connu-

105 1685 158 1747 bio
183 1687 281 1768 iungi:
313 1692 373 1752 boc
396 1710 459 1752 nno
486 1690 579 1750 modo
605 1697 635 1749 et
655 1691 804 1768 pudorem
829 1690 917 1751 victis
945 1694 975 1750 et
1001 1688 1174 1768 superbiam
1201 1689 1368 1751 victoribus

107 1782 221 1845 detrahi
242 1805 342 1865 posse.
388 1781 571 1848 ²⁰nohittem
598 1805 727 1865 quoque,
756 1806 774 1846 a
803 1806 863 1866 quo
885 1805 980 1865 genus
1001 1786 1066 1865 ipse
1096 1785 1274 1862 deduceret,
1303 1806 1367 1847 cum

105 1879 224 1958 captiva
245 1883 359 1945 coisse:
385 1903 424 1945 ue
445 1882 549 1943 inferri
567 1884 652 1943 nel'as
671 1883 895 1958 arbitrarentur,
925 1882 967 1942 ita
986 1881 1168 1943 matrimonii
1195 1882 1264 1945 iure
1293 1882 1368 1944 velle

57 2053 65 2063 ⁶
105 1974 198 2055 iungi.
243 1974 432 2059 ²⁷lnsperato
457 1979 567 2058 gaudio
590 1978 688 2038 laetus
710 1984 797 2057 pater
824 1997 993 2039 sermonem
1018 1977 1084 2039 eius
1108 1978 1238 2058 excipit:
1269 1986 1300 2040 et
1319 2000 1367 2039 rex

104 2070 135 2131 in
158 2074 258 2135 medio
280 2075 452 2154 cupiditatis
473 2075 583 2137 ardore
603 2074 690 2136 iussit
711 2074 811 2135 afferri
831 2074 929 2153 patric
951 2094 1036 2135 more
1059 2094 1177 2154 panem.
1217 2077 1289 2137 lloc
1309 2085 1368 2137 erat

104 2169 186 2244 apud
207 2171 391 2235 Macedones
412 2172 629 2235 sanctissimum
653 2171 826 2233 coeuntium
852 2171 970 2251 pignus,
1000 2190 1089 2251 quem
1112 2170 1242 2231 divisum
1270 2172 1367 2251 gladio

105 2272 232 2344 uterque
253 2266 371 2331 libabat.
419 2264 448 2308 ²⁸
456 2269 557 2330 Credo
581 2289 644 2343 ece,
672 2268 723 2348 qui
750 2266 847 2345 gentis
868 2286 969 2328 mores
990 2267 1202 2341 condiderunt,
1221 2286 1320 2346 parco
1341 2275 1367 2327 et

104 2361 231 2437 parabili
261 2363 344 2426 victu
371 2367 531 2428 ostendere
559 2365 691 2427 voluisse
716 2362 908 2441 iungentibus
935 2381 1019 2442 opes,
1059 2363 1206 2444 quantulo
1236 2362 1367 2426 contenti

105 2475 172 2519 esse
198 2459 350 2523 deberent.
395 2458 496 2524 29Ηοο
525 2462 618 2522 modo
650 2481 703 2521 rex
724 2458 815 2521 Asiae
844 2465 873 2519 et
892 2460 1034 2539 Europae
1062 2460 1268 2521 introductam
1296 2462 1367 2521 iuter

105 2557 276 2618 convivales
297 2557 386 2619 ludos
406 2558 594 2620 matrimonio
614 2557 672 2619 sibi
693 2556 835 2632 adiunxit,
857 2538 884 2616 le
909 2556 1027 2635 captiva
1053 2554 1220 2634 geniturus,
1249 2556 1304 2637 qui
1330 2555 1367 2615 vi-

106 2653 240 2715 ctoribus
258 2653 427 2733 imperaret
476 2651 505 2693 ³⁰
513 2655 649 2716 Pudebat
670 2653 793 2729 amicos,
816 2671 909 2730 super
929 2652 1032 2713 viuum
1049 2658 1080 2712 et
1101 2650 1208 2730 epulas
1230 2672 1367 2715 socerum

106 2767 144 2808 ex
168 2748 276 2812 deditis
292 2771 360 2813 esse
380 2752 544 2813 delectum:
566 2750 620 2811 sed
640 2754 710 2828 post
730 2749 801 2810 Cliti
823 2748 945 2829 caedem
963 2747 1100 2809 libertate
1117 2747 1246 2826 sublata,
1278 2749 1366 2823 vultu,

106 2845 157 2924 qui
178 2847 305 2909 maxime
326 2849 426 2925 servit,
447 2845 692 2910 assentiebantur.

173 3027 197 3092 8,
218 3029 316 3090 tam.
353 3030 570 3098 decipiebat,
599 3030 650 3081 wie
670 3025 696 3087 8,
714 3024 754 3089 43,
776 3026 815 3077 16.
841 3029 895 3077 Liv.
913 3023 1043 3088 23,ss
1064 3024 1095 3077 3:
1116 3026 1365 3079 binarenatorea-

105 3093 202 3160 plebem
220 3098 334 3157 adulari,
360 3098 486 3157 salutare,
517 3098 620 3162 benique
639 3095 757 3157 inuitare,
786 3095 921 3161 apparatis
940 3094 1015 3144 acci
1045 3097 1100 3143 ere
1117 3092 1208 3161 apalis.
1246 3097 1323 3148 Eben
1342 3112 1368 3148 so

106 3164 280 3230 excipere,
301 3167 352 3213 wie
370 3167 398 3214 C.
411 3164 436 3227 7,
448 3164 489 3227 27,
501 3163 539 3215 18.
562 3192 591 3201 -
614 3160 745 3225 8‚1o,⁸23.
768 3162 919 3213 Comitas.
939 3166 963 3214 S.
975 3112 1041 3224 nub,
1053 3159 1098 3222 22,
1112 3160 1153 3212 1⁴1.
1174 3189 1205 3199 -
1226 3162 1251 3226 8,
1273 3163 1315 3228 16,
1332 3164 1367 3215 ⁸25.

109 3228 383 3296 Compararetar.
402 3234 438 3284 F.:
460 3238 629 3298 comparetur.
666 3231 699 3280 Es
720 3235 822 3281 mnsste
837 3236 932 3294 gesagt
949 3232 1073 3281 werden:
1092 3230 1140 3287 aul
1154 3230 1208 3281 den
1228 3233 1291 3295 Fati,
1312 3235 1367 3284 dass

106 3297 208 3349 damals
221 3301 334 3349 demand
354 3300 397 3349 die
410 3302 516 3349 Roxane
536 3301 585 3348 mit
603 3299 654 3348 den
669 3299 855 3362 Sprosstingen
876 3300 925 3351 des
943 3298 1109 3362 koniglioben
1120 3296 1228 3351 Harrses
1247 3302 1367 3365 vergticb

106 3364 150 3414 die
166 3368 315 3418 Alexander
335 3368 507 3417 verschmn'ht
522 3367 603 3416 hatto.
623 3392 651 3401 —
683 3366 893 3428 efferasset.
928 3366 977 3416 Die
995 3366 1089 3421 Lesart
1106 3364 1135 3413 tn
1157 3381 1249 3416 amore
1268 3371 1368 3419 streitet

105 3445 190 3495 gagen
211 3437 262 3486 den
280 3436 480 3498 gewohntichcn
499 3434 652 3493 Gebrauch;
676 3447 706 3485 so
727 3437 780 3484 Liv.
799 3431 843 3493 25,
861 3431 902 3495 20,
921 3431 950 3483 b:
971 3420 1063 3483 militer
1082 3432 1183 3498 praeda
1199 3434 1237 3483 ian
1257 3433 1325 3485 letos
1339 3437 1368 3484 ir

108 3506 235 3552 tantam
255 3501 437 3552 licentiam
454 3501 710 3566 socordiamque
727 3502 875 3565 effusos,
902 3508 931 3549 ut
951 3498 1026 3549 nulla
1042 3498 1179 3566 disciplina
1198 3452 1315 3553 salletas
1332 3519 1368 3552 ea-

106 3575 151 3617 set.
189 3571 263 3620 Curt.
290 3568 314 3631 5,
335 3568 361 3630 6,
378 3568 418 3620 37.
456 3572 508 3621 Cic.
535 3573 593 3633 sagt
615 3570 716 3620 lreilieb
743 3570 836 3619 Parad.
862 3567 885 3631 3,
909 3569 920 3618 1
949 3566 995 3617 21:
1019 3583 1053 3616 an
1077 3567 1161 3617 airam
1188 3575 1239 3618 tem
1258 3580 1369 3621 mantem

105 3634 181 3698 dices,
213 3637 257 3703 qui
279 3654 306 3686 se
337 3639 369 3686 ia
403 3637 522 3703 aliqua
551 3635 689 3686 libidine
717 3603 946 3702 continuerib}
979 3635 1013 3684 in
1041 3633 1161 3700 aliqua
1189 3637 1368 3701 assederit.

104 3704 163 3754 Und
179 3720 230 3768 pro
248 3706 316 3756 Cael.
337 3702 360 3766 6,
381 3704 427 3756 13;
454 3706 508 3772 qais
532 3705 561 3754 ia
584 3703 758 3770 voluptatibus
777 3701 959 3783 inquinabor?
986 3703 1041 3768 qais
1062 3702 1090 3750 in
1116 3700 1247 3753 laboribus
1266 3707 1369 3772 patien-

108 3770 182 3821 tior?
201 3773 257 3839 pais
274 3774 302 3822 in
319 3774 466 3839 rapacitate
484 3770 612 3823 avarior?
639 3772 693 3838 qais
720 3772 755 3820 ia
779 3771 973 3838 lorpitroae
991 3768 1164 3835 effusior?
1195 3772 1282 3823 Alleiu
1303 3776 1369 3824 dann

106 3839 153 3890 hat
172 3855 202 3892 es
219 3844 314 3892 immer
334 3844 410 3892 einen
430 3842 602 3893 entschieden
619 3840 823 3904 ausgepriigten,
842 3841 1009 3903 priignanten
1027 3838 1137 3902 Begritl:
1155 3840 1370 3892 verscbwende-

105 3910 186 3972 risch,
207 3912 377 3973 ausgetassen
398 3912 454 3960 sein
475 3911 529 3959 und
550 3909 627 3970 iihnl,
654 3909 709 3958 und
727 3923 756 3959 es
781 3908 848 3957 wird
874 3905 1004 3957 dorchia
1024 3920 1046 3956 c.
1073 3906 1124 3957 abl.
1149 3920 1202 3955 nur
1221 3908 1267 3958 die
1286 3910 1370 3960 Sacbc

107 3977 270 4041 angegeben,
296 3980 322 4027 in
340 3979 423 4028 deren
443 3977 553 4027 Bereicb
588 3990 633 4037 um
654 3991 684 4027 so
708 3991 741 4025 zu
758 3989 847 4039 sagen,
875 3976 919 4024 die
936 3975 1076 4037 Handlung
1092 3972 1206 4023 vorlatlt.
1245 3976 1369 4041 Dagegen

105 4042 149 4093 hei
169 4046 217 4095 der
236 4046 436 4110 gewohnlichen
454 4047 536 4095 const
572 4045 643 4094 ction
661 4045 730 4107 zetgt
744 4042 781 4097 Ι
793 4056 815 4093 e.
835 4056 891 4092 acc.
911 4044 953 4092 die
970 4042 1101 4104 tttchtung
1122 4042 1371 4095 derLeidenscbalt

106 4112 154 4160 aul
169 4115 245 4163 einen
263 4114 433 4176 Gegenstaud
450 4114 517 4163 oder
536 4113 580 4163 die
592 4113 721 4175 Richtung
739 4112 788 4162 der
803 4111 879 4161 Seelo
896 4110 943 4161 aul
958 4110 1036 4159 einen
1054 4109 1138 4159 Allect
1158 4122 1199 4159 an.
1221 4138 1255 4148 -
1274 4111 1370 4161 dice-

108 4178 627 4243 rer.vorgt.10,1‘.t,11ff.-terrast.
645 4183 669 4229 S.
679 4175 899 4242 cicaronem,
910 4175 976 4227 118:
988 4172 1157 4227 detractis
1170 4176 1364 4229 omnibuaoitiir

173 4268 200 4332 8,
224 4269 263 4335 16,
282 4269 324 4321 26.
355 4270 420 4321 lta.
447 4264 1365 4338 VielleichteinGriicismusobrobtp-.-·8,16,27.Exri-

106 4335 165 4401 pit.
193 4340 236 4390 F.:
256 4339 361 4405 occepit.
384 4367 416 4376 -
441 4337 476 4386 ira
499 4338 614 4389 medio.
638 4339 681 4390 R:
701 4337 791 4389 medio.
827 4338 916 4389 Etwas
936 4336 1113 4388 verschieden
1131 4337 1193 4387 stud
1217 4334 1303 4401 618,
1324 4338 1366 4389 n.-

107 4402 201 4454 oideris
221 4422 260 4455 me
277 4407 311 4455 in
331 4406 439 4455 medio
458 4405 583 4454 ardore
599 4405 813 4457 certaminis.
833 4404 857 4468 8,
880 4403 922 4469 36,
940 4403 987 4455 17:
1008 4402 1078 4454 aelst
1093 4403 1130 4452 itt
1147 4402 1259 4454 medio
1274 4419 1364 4475 pare.

108 4470 179 4533 -8,
202 4472 243 4533 16,
260 4472 302 4524 19.
335 4474 360 4523 E
379 4473 529 4540 captiva.
563 4475 649 4537 vergi.
675 4470 948 4536 16161114.-
981 4468 1128 4533 8,16,30.
1157 4471 1278 4538 Super.
1312 4472 1364 4521 tVis

107 4539 214 4654 vorldell
224 4539 248 4601 8,
268 4538 292 4602 6,
312 4539 342 4590 b:
354 4542 453 4657 ¹‘dated
471 4540 556 4591 atnam
566 4548 591 4591 et
602 4539 689 4608 epulas
702 4541 779 4592 caede
789 4541 928 4592 commissa.
959 4541 1047 4592 Ueber
1061 4554 1138 4607 super·
1154 4552 1176 4591 s.
1191 4552 1225 4590 au
1234 4536 1262 4603 6,
1274 4538 1311 4600 tt,
1322 4535 1362 4589 97.

107 4631 140 4641 -
184 4614 334 4657 sectum.
374 4624 425 4659 .:e
450 4615 525 4658 ctum.
