2820 4964
111 171 173 236 rm
579 170 620 251 o.
644 169 785 233 cnnrn
807 170 904 234 nuri

97 361 184 422 gens
199 360 321 421 corpus,
342 341 456 402 hastam
469 339 574 401 dextra
584 340 729 417 vibrabat,
751 340 832 402 ultro
854 359 968 403 vocans
989 337 1115 416 hostem,
1133 341 1245 424 siquis
1266 343 1376 408 iacenti

110 440 207 519 spolia
229 440 349 500 demere
376 437 509 498 auderet.
553 433 654 499 ¹⁵Nec
682 438 840 518 qnisquam
863 437 936 513 suit,
964 437 1016 517 qui
1043 436 1206 500 sustineret
1235 442 1376 504 cominus

110 537 261 616 congredi.
304 534 415 596 Procul
437 534 598 596 missilibus
619 535 825 613 appetebatur,
847 552 884 594 ea
905 532 972 612 ipsa
992 533 1023 594 iri
1044 533 1162 594 bostem
1183 543 1376 620 retorquens,

82 636 208 712 ,donec
227 633 331 694 lancea
359 631 443 693 nudo
468 631 585 709 pectori
612 631 702 691 infixa
730 637 793 691 est:
821 649 880 711 qua
901 649 939 690 ex
959 628 1086 690 vulnere
1102 630 1224 709 emrlsa,
1252 633 1374 697 inelina-

109 738 172 793 tum
194 750 229 790 ac
248 727 391 790 deficiens
413 732 504 806 caput
524 726 625 805 clipeo
656 726 813 806 paulisper
834 727 968 806 excepit,
993 725 1064 786 dein
1084 726 1241 809 linquente
1267 731 1373 810 spiritu

109 828 223 907 pariter
242 846 278 887 ac
299 825 459 904 sanguine,
482 823 680 885 moribundus
701 823 731 884 in
754 843 837 884 arma
864 822 1037 902 procubuit.
1078 819 1104 863 ¹⁶
1113 825 1262 888 Cecidere
1282 812 1373 889 Lace-

109 923 336 984 daemoniorum
358 921 387 981 V
412 916 494 980 milia
523 925 554 980 et
574 918 669 994 000,
697 938 735 980 ex
762 919 979 982 Macedonibus
1006 919 1086 980 baud
1112 921 1245 1000 amplius
1275 923 1370 985 mille:

108 1028 242 1082 ceterum
262 1019 312 1078 vix
333 1016 490 1098 quisquam
512 1015 571 1076 nisi
585 1016 706 1079 saucius
725 1017 848 1078 revertit
870 1016 901 1076 in
923 1022 1030 1078 castra.

190 1117 238 1177 Ill.
281 1116 364 1175 llaec
385 1111 513 1173 victoria
534 1131 596 1174 non
618 1114 757 1192 Spartam
779 1113 871 1175 modo
894 1112 1057 1194 sociosque
1085 1114 1168 1191 eius,
1198 1116 1257 1177 sed
1285 1117 1370 1179 etiam

108 1231 230 1287 omnes,
258 1210 309 1290 qui
334 1210 483 1271 fortunam
500 1208 573 1271 belli
592 1214 814 1289 spectaverant,
844 1210 941 1290 fregit.
980 1204 1005 1248 ¹⁷
1014 1209 1082 1271 Nec
1106 1209 1232 1274 fallebat
1249 1211 1370 1294 Antipa-

107 1316 206 1384 trum,
227 1307 386 1369 dissentire
406 1305 444 1366 ab
464 1305 570 1367 animis
600 1304 824 1384 gratanlautium'
838 1306 959 1379 vnltns;
987 1306 1041 1368 sed
1065 1306 1180 1369 bellum
1206 1309 1297 1371 finire
1324 1331 1370 1372 cn

107 1405 201 1486 pienti
216 1423 293 1485 opus
312 1408 376 1464 erat
398 1401 507 1482 decipi.
535 1401 574 1463 Et
595 1421 775 1484 quamquam
796 1403 917 1464 fortuna
938 1422 1039 1464 rerum
1062 1403 1210 1482 placebat,
1232 1405 1369 1469 invidiam

106 1510 221 1579 tamen,
249 1500 320 1582 quia
341 1499 472 1561 maiores
494 1518 543 1560 res
566 1505 664 1574 erant,
696 1518 785 1580 quam
815 1519 890 1580 quas
921 1498 1067 1578 praefecti
1097 1501 1208 1563 modus
1242 1511 1367 1584 caperet,

106 1600 265 1662 metuebat.
299 1592 325 1636 13
333 1597 457 1678 Quippe
468 1595 640 1657 Alexander
657 1595 760 1656 hostes
780 1595 860 1657 vinci
886 1594 1030 1671 voluerat,
1048 1593 1242 1676 Antipatrum
1263 1601 1368 1663 vicisse

105 1715 144 1756 ne
165 1695 273 1756 tacitus
296 1694 416 1774 quidem
437 1692 654 1771 indignabatur,
678 1698 750 1753 sua'e
773 1692 928 1772 demptum
945 1691 1061 1772 gloriae
1081 1693 1278 1773 existimans,
1292 1698 1369 1778 quic·

107 1791 180 1872 quid
208 1788 349 1850 cessisset
372 1788 495 1850 alienae.
535 1784 560 1826 ¹⁹
568 1789 671 1868 ltaque
696 1787 869 1868 Antipater,
899 1789 951 1870 qni
985 1787 1083 1870 probe
1115 1797 1222 1853 nosset
1249 1794 1367 1874 spiritus

107 1889 181 1963 eins,
204 1905 265 1946 non
286 1891 331 1944 est
350 1903 442 1944 ansus
463 1883 528 1964 ipse
551 1903 640 1962 agere
663 1885 786 1946 arbitria
807 1886 960 1963 victoriae,
986 1885 1041 1948 sed
1061 1885 1228 1949 concilium
1239 1890 1368 1952 Graeco

106 2005 190 2060 rum,
213 1981 286 2064 quid
305 1980 370 2040 fieri
390 1980 540 2059 placeret,
563 1980 723 2043 consuluit.
761 1976 828 2044 2θΑ
849 2003 910 2065 quo
931 1982 1177 2060 Lacedaemonii,
1195 1985 1272 2047 nihil
1292 1987 1365 2048 aliud

106 2101 195 2162 qnam
206 2088 240 2141 ut
263 2082 400 2139 oratores
421 2065 539 2138 mittere
555 2078 594 2138 ad
615 2097 717 2157 regem
738 2078 894 2156 liceret,ii
916 2078 1033 2140 veniam
1053 2079 1232 2143 deiectionis
1252 2090 1367 2162 praeter

106 2184 247 2240 auctores
265 2175 506 2254 impetraverunt.
549 2174 822 2255 Megalepolitanis,
851 2184 982 2259 quorum
1011 2176 1083 2238 urbs
1112 2176 1239 2239 obsessa
1268 2185 1366 2240 erata

102 2360 303 2430 poplitibus
318 2376 448 2425 corpas.
468 2320 528 2411 ben.
542 2375 583 2424 ep.
595 2357 636 2411 66.
647 2377 672 2425 p.
686 2334 1114 2428 209:qaisaccisispaplitibnsia
1127 2377 1242 2428 pensa
1259 2380 1293 2413 se
1310 2380 1364 2413 ee·

105 2431 197 2496 cipit
213 2447 260 2480 aec
279 2445 353 2478 arma
373 2427 474 2478 dimisit.
512 2429 656 2479 Verwandt
672 2431 725 2480 niv.
742 2426 768 2490 4,
789 2427 828 2493 19,
848 2426 880 2480 t:
906 2429 1037 2493 confestim
1054 2437 1078 2479 et
1102 2430 1157 2495 ipse
1174 2429 1254 2482 basta
1268 2431 1365 2481 iaaicas

104 2499 193 2548 seta
207 2497 310 2564 pedes
330 2496 475 2560 accepit.
514 2498 585 2547 Curt.
606 2494 630 2559 9,
652 2495 691 2559 19,
710 2496 739 2548 3:
764 2498 834 2562 [orte
850 2498 890 2547 ita
909 2495 1052 2547 libraverat
1069 2512 1172 2563 coepas,
1198 2506 1229 2548 sit
1252 2516 1288 2549 se
1309 2516 1364 2565 pe·
1409 2527 1410 2557 t

105 2566 206 2616 dibus
231 2565 428 2630 acciperet.
450 2591 479 2600 -
499 2561 523 2626 6,
542 2562 567 2627 2,
589 2562 628 2616 15.
669 2564 758 2615 Deia.
790 2566 884 2617 Eisber
908 2564 1008 2615 deinde.
1026 2593 1057 2602 —
1079 2563 1103 2628 6,
1121 2563 1147 2628 3,
1168 2564 1209 2617 16.
1234 2566 1309 2618 CCC.
1324 2568 1364 2628 ΓΑ

28 2628 37 2645 “
107 2633 231 2684 cectx.

173 2722 240 2788 6,3,
263 2721 303 2775 16.
336 2724 598 2790 spectaverant.
640 2726 664 2773 S.
685 2721 709 2785 5,
727 2720 928 2790 3⁸2,1:perfidi
946 2720 1062 2784 bominis,
1081 2725 1144 2775 iam
1167 2724 1364 2777 Alexandri

104 2793 408 2914 opes-spectaretis.
431 2794 484 2842 Lir.
509 2789 536 2852 3,
559 2788 602 2853 69,
620 2789 651 2841 2:
678 2790 840 2842 laceratas-
860 2808 935 2842 amaa
965 2798 989 2840 et
1007 2790 1100 2844 bellam
1116 2793 1308 2858 spectabat.
1327 2791 1362 2855 33,

104 2863 120 2914 5
139 2899 148 2924 ,
168 2861 198 2913 5.
218 2859 314 2910 nobiles
330 2876 430 2910 aaveaes
450 2859 609 2925 quosdam—
620 2876 692 2910 mare
710 2876 743 2909 ac
761 2876 838 2909 maces
855 2865 1022 2925 spectare.

171 2950 195 3016 6,
213 2951 239 3014 3,
262 2951 302 3002 17.
340 2951 469 3015 Decipi.
506 2953 693 3003 Anscbeinend
719 2953 776 3004 sicb
806 2953 935 3003 tenschen
964 2966 996 3001 zu
1022 2952 1112 3003 lassen
1140 2953 1227 3005 durcb
1252 2956 1298 3007 die
1324 2967 1364 3004 er-

104 3023 244 3073 heuehelte
264 3020 501 3082 Unterwttrfigkeit.
518 3047 547 3056 -
571 3019 742 3070 invidiam.
761 3020 913 3071 Besouders
932 3021 980 3071 des
998 3019 1154 3071 Alexander.
1173 3023 1199 3071 S.
1220 3019 1263 3085 10,
1275 3020 1317 3085 31,
1330 3016 1363 3070 rt

106 3117 134 3126 -
154 3087 329 3153 praefecti
344 3085 470 3145 modas,
488 3089 539 3138 wie
555 3085 578 3150 6,
597 3084 641 3147 34,
664 3085 708 3137 18:
728 3087 772 3153 qai
786 3087 910 3138 modam
930 3085 1074 3137 laminis
1094 3087 1236 3139 mederet.
1271 3092 1326 3141 le.
1343 3084 1363 3151 4,

105 3154 144 3217 13,
161 3154 192 3205 3;
210 3168 320 3217 supra
338 3152 468 3202 modam
485 3151 630 3203 bominis
648 3154 791 3218 privati.

172 3242 198 3304 6,
211 3242 237 3303 3,
253 3240 293 3292 18.
315 3242 362 3292 Ne
384 3242 517 3292 tacitas
538 3245 674 3310 quidem.
697 3248 722 3296 S.
737 3243 886 3310 10,31,1ι1.
906 3272 935 3284 -
956 3246 1133 3299 cessisset.
1154 3244 1363 3314 sanatam.

103 3312 127 3378 5,
137 3310 192 3376 7,3.
209 3313 294 3363 Odor:
306 3310 529 3361 accessisset?
547 3340 575 3349 —
588 3310 612 3375 6,
623 3312 646 3376 3,
659 3311 698 3364 19.
716 3314 868 3380 Spiritus.
886 3314 1061 3379 F.:spiritam.
1084 3318 1108 3367 S.
1120 3312 1144 3379 6,
1154 3313 1179 3379 6,
1189 3314 1231 3368 21.
1242 3316 1268 3380 5,
1278 3311 1363 3380 3616.

104 3408 133 3419 -
149 3379 301 3431 arbitria
320 3378 499 3429 victoriae.
526 3381 599 3431 Naeh
613 3383 661 3432 der
671 3383 796 3446 Analogia
806 3397 859 3433 von
872 3380 1010 3431 arbiter
1026 3384 1122 3448 pacis
1140 3390 1172 3432 et
1192 3382 1295 3447 belli,
1311 3400 1364 3435 ar-

104 3449 217 3498 bitria
233 3448 334 3514 pacis
353 3446 536 3512 suscipere
555 3450 615 3510 (wie
634 3451 724 3501 lustin.
745 3449 786 3512 33,
805 3449 836 3500 3ε
861 3447 1056 3516 Apatbacles-
1070 3448 1248 3501 Hamilcarem
1268 3457 1364 3511 exarat,

102 3525 132 3566 at
148 3517 216 3566 inter
231 3533 261 3567 se
276 3524 300 3565 et
315 3516 492 3582 Syracusanas
507 3517 606 3581 pacis
623 3517 780 3567 arbitria
800 3517 1007 3583 suscipiam
1023 3517 1181 3568 arbitria
1201 3517 1294 3570 belli
1307 3536 1365 3586 pa-

103 3585 216 3649 cisqae
241 3600 342 3649 apere
361 3584 425 3649 (wie
445 3586 500 3635 Liv.
518 3582 561 3646 44,
582 3583 624 3647 15,
645 3585 674 3636 5:
695 3585 806 3636 Rhodios
823 3585 915 3636 mancio
933 3585 962 3634 ia
980 3585 1041 3635 orbe
1058 3593 1188 3637 terrarum
1212 3587 1367 3641 arbitria

104 3650 189 3701 belli
206 3651 374 3716 pacisque
399 3653 524 3718 apere).
559 3654 682 3705 Dieselbe
702 3654 874 3718 Verbindung
891 3653 1040 3717 gebrauebt
1058 3656 1085 3705 0.
1103 3651 1128 3716 8,
1148 3650 1173 3717 4,
1191 3651 1235 3718 34,
1253 3657 1325 3708 docb
1341 3658 1366 3705 in

103 3721 231 3771 auderem
252 3721 339 3770 Sinna.
360 3747 388 3756 -
412 3720 602 3771 concilium
628 3722 847 3772 Graecorum.
884 3721 1112 3773 Wahrscheinlich
1138 3721 1235 3774 hesass
1255 3725 1365 3787 Antipa-

103 3793 151 3852 ter,
171 3789 209 3840 als
227 3788 423 3838 Stellvertreter
441 3789 489 3838 des
509 3791 613 3854 Konigs,
634 3790 682 3843 das
702 3791 793 3852 flecht,
822 3791 867 3840 bei
893 3789 1034 3852 wichtigen
1054 3790 1298 3854 Angelegenheiten
1317 3791 1366 3841 ail-

102 3858 223 3922 gemeine
249 3856 485 3920 Versammlungen
512 3858 691 3920 anzuordnen‚
721 3859 765 3908 die
790 3872 844 3908 von
871 3857 938 3908 allen
955 3858 1065 3908 stacten
1090 3856 1231 3910 bescbiekt
1257 3860 1365 3911 werden

102 3928 231 3988 mussten,
250 3928 318 3974 etwa
340 3925 390 3975 wie
409 3925 498 3974 solche
515 3938 569 3975 von
586 3926 688 3990 Philipp
707 3926 763 3976 und
781 3923 931 3977 Alexander
949 3939 983 3974 zu
997 3926 1107 3976 Korintb
1126 3921 1250 3991 pausian
1268 3940 1364 3996 waren.

168 4013 192 4079 6,
211 4014 235 4077 3,
253 4013 294 4067 20.
315 4014 330 4043 ⁴*
351 4014 486 4065 veniam
510 4015 733 4081 defectionis,
772 4018 811 4067 An
835 4017 914 4067 Stella
931 4017 979 4068 des
1000 4016 1016 4046 ⁴*
1036 4016 1124 4069 haben
1149 4017 1194 4068 die
1216 4019 1364 4071 Handscbr.

99 4085 237 4149 precati
255 4091 377 4149 pactae
400 4085 467 4135 oder
490 4087 574 4136 etwas
592 4086 756 4147 Aehnliches,
782 4087 880 4148 Zumpt
903 4086 972 4136 nach
990 4087 1080 4148 coni:
1108 4084 1281 4150 Tepeatae.
1320 4087 1365 4137 Die

102 4153 206 4203 trahere
232 4153 342 4215 Vulgata
370 4167 441 4204 war:
465 4151 557 4202 attat
579 4151 863 4205 aliud—liceret
886 4152 1032 4216 precari
1058 4151 1365 4219 esaiam—imps-

102 4227 290 4270 traaeraat.
329 4222 368 4271 Da
387 4220 454 4270 nach
472 4221 592 4271 Aeschin.
613 4223 673 4272 adv.
693 4223 763 4272 Ctes.
785 4217 834 4271 165
855 4233 880 4283 p.
899 4217 951 4271 438
970 4235 1021 4271 nur
1040 4222 1084 4272 die
1104 4222 1186 4283 Elem,
1208 4222 1365 4273 dieAcbaar

101 4302 196 4340 ausser
215 4289 324 4349 Pellene,
354 4289 409 4338 und
436 4289 478 4338 die
498 4289 617 4340 Arkades
644 4303 739 4340 ausser
751 4288 928 4352 Megalopolis,
949 4290 999 4338 mit
1011 4290 1197 4340 Lacedaemon
1213 4289 1365 4341 verbttndst

101 4369 201 4412 waren,
227 4369 257 4406 so
274 4356 344 4405 kann
362 4357 389 4404 in
409 4355 512 4420 precati
525 4363 618 4421 pactae
636 4358 717 4406 kaurn
736 4360 820 4407 etwas
839 4357 959 4408 Anderes
981 4356 1130 4420 verborgen
1149 4357 1243 4421 liegen,
1266 4358 1307 4409 als
1325 4359 1364 4407 ir-

100 4424 169 4484 gend
184 4425 243 4473 eine
255 4424 438 4487 Bezeichnnng
452 4424 500 4473 der
512 4424 639 4474 Arkader.
661 4451 689 4460 -
710 4422 738 4472 M
745 4421 1205 4490 epalepalitaais-Acbaei
1221 4431 1253 4473 et
1270 4423 1364 4485 Elei,

100 4490 169 4538 nach
187 4492 259 4552 ConJ'.
276 4491 317 4540 F.:
334 4489 548 4556 Mepalcpclitaai
559 4520 591 4527 -
603 4490 715 4541 Achaeis
733 4499 758 4540 et
776 4489 885 4542 Aetolis.
909 4493 958 4543 Die
976 4493 1054 4543 Form
1072 4490 1294 4558 Mepalepalitaai
1314 4506 1364 4558 gs-

100 4569 150 4620 gen
167 4558 267 4607 welche
286 4559 329 4608 die
347 4560 471 4623 Analogia
489 4560 661 4612 entschieden
681 4560 793 4623 spricht,
811 4559 896 4611 findet
911 4560 969 4611 sich
990 4562 1058 4611 anch
1076 4559 1120 4612 ber·
1139 4560 1230 4615 Livius
1245 4559 1290 4626 33,
1303 4558 1362 4622 3,5.

100 4620 144 4685 38,
161 4620 203 4686 32,
220 4620 245 4672 6.
264 4652 294 4661 -
314 4625 556 4690 calefactionis
576 4626 696 4679 sociis.
733 4628 807 4678 Naeh
823 4629 913 4692 Conj.;
929 4627 969 4679 n:
992 4644 1010 4678 a
1029 4627 1177 4693 defectione.
