2820 4964
104 160 170 226 raa
570 163 611 245 o.
634 162 774 227 curru
794 148 892 227 nort

107 334 215 408 potest.
259 331 402 407 Tandem,
428 337 462 392 ut
485 330 649 393 deiicerent
677 333 868 394 fundamenta
893 350 1056 407 murorum,
1085 329 1123 392 ab
1151 330 1213 393 imo
1240 328 1369 393 moliun-

107 432 165 502 tur,
193 446 232 487 ne
256 428 340 508 quod
358 427 442 490 urbis
461 428 619 508 vestigium
646 434 768 491 extaret.
808 422 977 490 ³⁴Nem0ra
1005 446 1127 508 quoque
1151 432 1183 487 et
1203 426 1296 489 lucos
1324 448 1370 488 sa-

109 541 179 584 cros
200 542 263 585 non
282 525 411 586 caedunt
430 524 532 600 modo,
560 524 614 584 sed
637 525 725 585 etium
748 526 905 605 extirpant,
935 529 970 585 ut
990 529 1073 585 vasta
1096 522 1230 585 solitudo
1258 530 1290 584 et
1311 529 1369 585 ste-

109 618 173 680 rilis
194 622 310 696 liumus,
342 620 477 682 excussis
500 620 588 681 etiem
610 620 770 697 radicibus,
797 623 991 704 linqueretur.
1030 616 1151 698 ³⁵Quae
1177 620 1204 680 si
1232 619 1264 680 iu
1283 619 1369 699 ipsos

107 716 289 793 proditionis
316 722 454 779 auctores
481 717 647 797 excogitate
676 724 785 795 essent,
812 718 890 780 iuste
908 717 984 778 ultio
1014 736 1089 794 esse,
1116 734 1180 778 uon
1204 715 1368 776 crudelitas

103 811 274 874 rideretur:
302 832 382 874 nunc
404 812 523 892 culpam
553 813 702 875 maiorum
732 815 847 893 posteri
878 814 972 889 luere,
1003 813 1054 894 qui
1075 831 1115 873 ue
1139 812 1279 873 videraut
1306 811 1367 892 qui·

107 906 175 968 dem
195 908 339 981 Miletum,
368 909 444 969 adeo
467 914 496 968 et
517 909 615 970 Xerxi
635 930 698 972 non
720 916 881 989 potuerant
901 909 1041 987 prodere.

189 1004 309 1068 XXIV.
352 999 460 1064 ³⁶lnde
479 1007 629 1082 prooessit
650 1008 688 1067 ad
710 1008 833 1068 Tanaim
861 1025 986 1067 amnem.
1030 1009 1101 1086 Quo
1125 1003 1295 1084 perductus
1323 1010 1367 1065 cst

105 1098 218 1161 Bessus
240 1119 303 1160 nou
321 1100 439 1161 vinctus
461 1101 562 1176 modo,
591 1102 645 1163 sed
670 1104 759 1164 etiam
783 1104 865 1165 omui
891 1102 1060 1163 velamento
1091 1099 1231 1180 corporis
1258 1098 1367 1178 spolia-

106 1200 163 1255 tus.
207 1196 395 1274 Spitamenes
413 1216 482 1258 eum
501 1199 619 1258 tenebat
639 1199 721 1261 collo
742 1200 853 1260 inserta
873 1206 986 1274 catena,
1014 1203 1075 1258 tam
1099 1195 1244 1271 barbaris,
1279 1216 1367 1276 quam

105 1290 321 1354 Macedonibus
343 1300 460 1372 gratum
478 1296 692 1372 spectaculum.
719 1292 746 1335 ³⁷
755 1298 832 1357 Tum
850 1295 1048 1375 Spitamenes,
1074 1294 1120 1354 Bt
1142 1299 1180 1368 te,
1206 1291 1314 1373 inquit,
1340 1299 1369 1352 et

105 1387 253 1464 Dareum,
272 1409 356 1470 reges
377 1410 465 1465 meos,
487 1391 581 1467 ultus,
606 1393 837 1471 interfectorem
860 1392 979 1452 domini
999 1391 1051 1450 sui
1067 1387 1196 1465 adduct,
1224 1406 1260 1448 eo
1280 1388 1368 1449 modo

105 1491 241 1561 captum,
266 1488 355 1546 cuius
372 1488 436 1564 epse
445 1485 535 1565 fecit
558 1490 738 1567 excerptum.
778 1487 910 1568 Aperiat
928 1487 973 1547 ad
991 1486 1048 1547 hoc
1068 1488 1275 1563 spectaculum
1296 1504 1368 1545 ocu·

106 1579 150 1639 los
172 1582 303 1645 Dareus.
341 1585 468 1643 Existat
486 1582 524 1643 ab
542 1584 665 1664 r'rrferis,
687 1586 744 1664 qeei
760 1586 817 1646 illo
836 1585 987 1663 supplicio
1004 1582 1153 1660 indignus
1164 1578 1245 1658 forst
1263 1589 1296 1641 et
1314 1582 1368 1642 lece

105 1676 214 1737 solatio
234 1678 348 1756 dagnus
370 1686 422 1741 est.
451 1673 667 1756 ³⁸Alexander,
689 1680 813 1742 multum
839 1679 1010 1742 collaudato
1030 1677 1212 1757 Spitamene,
1242 1677 1367 1739 conver

104 1791 157 1832 sus
183 1774 221 1834 sd
248 1775 385 1850 Bessum,
414 1774 517 1851 Cuius,
546 1777 650 1857 inquit,
667 1776 766 1856 ferae
792 1775 891 1836 rabies
916 1776 1080 1855 occupauit
1100 1758 1245 1832 emerim
1269 1781 1367 1849 tuem,

105 1887 200 1945 quum
218 1890 320 1949 regem
340 1872 377 1933 de
397 1879 426 1932 te
446 1874 557 1952 optime
572 1874 717 1932 meritum
732 1875 825 1952 prim
842 1875 971 1957 uincire,
992 1869 1101 1932 meede
1122 1868 1259 1930 comitere
1278 1874 1366 1932 rusti-

104 1965 225 2027 reuisti?
261 1967 323 2028 Sed
344 1967 438 2028 harim
456 1967 611 2047 paricidii
634 1969 799 2030 mercedem
811 1969 904 2049 falso
929 1969 1012 2047 regis
1034 1965 1159 2026 nornine
1182 1968 1367 2044 persolvisti.

106 2053 186 2120 ³⁹1bi
209 2061 259 2123 ille
278 2063 393 2125 lacinus
412 2084 544 2143 purgare
565 2084 635 2125 uon·
649 2084 749 2140 ausus,
771 2066 849 2144 regis
870 2065 988 2126 titulum
1011 2082 1045 2124 se
1066 2080 1214 2139 usurpare
1234 2063 1317 2140 dixit,
1337 2071 1368 2125 ut

105 2161 223 2235 gentem
245 2178 330 2219 suam
350 2161 468 2223 tradere
490 2161 547 2240 ipsi
567 2161 680 2239 possit:
710 2161 806 2247 quisi
836 2169 992 2236 cessasset,
1013 2159 1103 2220 alium
1124 2156 1220 2218 fuisse
1242 2176 1367 2239 reguum

106 2259 331 2330 occupaturum.
359 2250 435 2317 ⁴⁰Et
455 2256 629 2318 Alexander
650 2258 811 2335 Oxathren,
834 2260 955 2319 fratrem
969 2255 1071 2331 Darei,
1091 2270 1182 2335 quem
1200 2253 1283 2317 inter
1303 2276 1368 2318 cor-

105 2348 190 2427 poris
214 2352 355 2414 custodes
376 2353 512 2427 babebat,
539 2351 666 2431 propius
688 2352 774 2415 iussit
795 2355 940 2415 accedere
959 2351 1095 2432 tradique
1115 2352 1246 2413 Bessum
1272 2352 1310 2427 ei,
1336 2360 1368 2412 ut

107 2447 192 2509 cruci
214 2448 335 2509 affixum
367 2448 509 2510 mutilatis
533 2448 658 2510 auribus
678 2450 860 2531 naribusque
889 2450 1004 2529 sagittis
1031 2448 1218 2526 configerent
1247 2447 1368 2509 barbari

107 2551 352 2625 asservarentque
372 2563 493 2624 corpus,
518 2551 610 2606 utne
630 2564 701 2607 aves
723 2546 843 2626 quidem
865 2547 1081 2626 contingerent.
1115 2537 1300 2606 ⁴¹Oxathres
1322 2565 1368 2606 ce-

92 2646 171 2700 tera
191 2642 249 2704 sibi
270 2661 360 2703 curae
382 2643 448 2702 iore
469 2641 644 2720 pollicetur:
667 2662 737 2704 aves
757 2663 819 2704 nou
840 2642 878 2703 eb
897 2641 966 2718 alio,
989 2660 1079 2724 quam
1097 2661 1115 2702 a
1131 2643 1256 2716 Oateue,
1278 2659 1368 2719 posse

107 2738 260 2814 prohiberi
282 2740 390 2816 adiicit,
421 2738 557 2800 eximiam
580 2737 645 2799 eius
667 2745 760 2799 artem
787 2740 913 2819 cupiens
938 2737 1113 2799 ostenderes
1142 2756 1274 2816 nemque
1292 2737 1367 2797 adeo

108 2841 192 2896 certo
214 2836 276 2898 ictu
296 2836 442 2897 destinata
460 2833 593 2909 feriebat,
613 2840 646 2896 ut
666 2853 738 2896 aves
758 2854 879 2917 quoque
902 2834 1065 2913 exciperet.
1099 2827 1215 2895 ⁸2Num
1235 2832 1264 2895 si
1283 2833 1369 2894 forsi-

107 2934 158 2989 tan
178 2932 335 3012 sagittandi
356 2938 415 2993 tam
438 2930 550 2993 celebri
572 2951 630 2992 usu
652 2930 749 2992 miuus
770 2928 952 2991 admirabilis
978 2930 1074 2992 videri
1095 2950 1144 2993 ars
1166 2930 1243 2990 haec
1264 2929 1369 3009 possit,

106 3032 205 3088 tamen
226 3029 331 3108 ingens
350 3027 514 3109 visentibus
532 3027 707 3088 miraculum
725 3046 894 3107 magnoque
911 3026 1138 3089 bonoriCateui
1152 3025 1217 3087 iuit.
1248 3019 1369 3085 ⁴³Dona

109 3123 217 3184 deinde
239 3124 387 3199 omnibuS,
417 3122 468 3202 qui
490 3125 618 3183 Bessum
645 3123 839 3199 adduxerant,
869 3123 938 3183 dato
965 3131 1042 3185 sunt.
1085 3125 1229 3184 Ceterum
1258 3120 1369 3200 suppli-

108 3217 187 3279 cium
210 3220 274 3281 eius
299 3218 421 3293 distulit,
443 3224 477 3278 ut
495 3236 532 3278 eo
550 3217 631 3293 loco,
652 3217 760 3301 inquo
781 3221 914 3281 Dareum
932 3220 997 3298 ipse
1020 3218 1182 3293 occiderat,
1199 3225 1368 3290 necaretur,

190 3316 296 3378 XXV.
340 3309 514 3374 v¹=¹lnterea
538 3312 728 3390 Macedones,
756 3316 794 3375 ad
814 3315 977 3395 petendum
998 3314 1142 3395 pabulum
1164 3313 1368 3392 incomposito

109 3411 225 3495 agmine
248 3411 370 3495 egressi,
393 3431 411 3472 e
430 3409 572 3486 barbaris,
602 3409 653 3492 qui
673 3410 710 3471 de
734 3410 879 3491 proximis
896 3411 1050 3473 montibus
1078 3410 1289 3485 decurrerunt,
1320 3430 1370 3489 op·

109 3643 339 3711 perciperetee,
357 3661 473 3707 orare,
490 3652 520 3694 ut
536 3643 679 3710 reciperent
696 3659 728 3693 se.
752 3643 788 3694 lb.
802 3641 843 3705 25,
855 3641 896 3708 25,
909 3640 942 3694 b:
962 3642 1040 3708 lepcti
1056 3658 1084 3692 ee
1101 3640 1134 3692 ab
1152 3636 1240 3706 Tycha
1257 3647 1284 3689 ct
1301 3640 1368 3690 Νεα-

107 3711 164 3778 poli
183 3729 250 3762 cum
268 3712 390 3779 infulis
410 3721 442 3764 et
460 3711 657 3763 colementis
676 3719 807 3772 emerunt,
832 3718 1037 3777 precantes,
1063 3716 1094 3759 stt
1118 3725 1136 3758 a
1153 3706 1274 3757 coedibus
1298 3714 1324 3757 et
1340 3705 1371 3756 ab

109 3780 231 3830 inceridiis
245 3790 405 3848 parceretur.
445 3781 482 3831 lb.
503 3778 543 3841 30,
563 3778 605 3841 36,
627 3777 655 3829 ci:
680 3778 750 3828 baud
766 3778 861 3845 procul
878 3778 978 3841 oberat,
1002 3794 1078 3844 quum
1101 3774 1222 3827 celata
1243 3774 1371 3839 infulis

109 3849 282 3916 ramisque
308 3848 401 3899 oleae
418 3848 664 3914 Cartbcpiniensium
685 3847 799 3897 occacrrit
816 3847 896 3896 micis.

178 3949 204 4013 7,
224 3949 268 4012 23,
285 3948 328 4003 84.
365 3950 506 4000 Nemora
524 3965 650 4015 quoque
667 3954 699 3997 et
720 3946 825 3999 lacos.
859 3947 1033 4009 Nechonj.;
1062 3944 1101 3994 l'.:
1127 3958 1278 4004 memora,
1304 3943 1372 3994 lucos

111 4022 265 4138 i“⁰2ii⁰'rs'
280 4021 347 4136 viii
365 4020 453 4135 ⁸⁰¹i³³
467 4014 558 4133 Ψ
573 4033 623 4133 ii
638 4022 868 4132 ”iii'iw“'i¹'i
881 4008 1209 4131 “‘'t't:“‘.“⁰t‘·.l.t“⁶“t
1225 4010 1371 4130 iiiiii]

111 4125 136 4213 b:
159 4125 204 4205 15':
221 4103 253 4205 rie
274 4104 457 4221 recreegatde'n
473 4101 555 4215 breite,
574 4100 654 4201 aizoo
672 4098 956 4218 gregatimmecbmiiiim
975 4097 1111 4215 ecmgucm
1128 4117 1208 4197 ideis:
1284 4116 1290 4129 Ι
1365 4116 1371 4126 ’

179 4254 203 4317 7,
220 4253 262 4318 Bi,
280 4254 321 4306 39.
360 4254 424 4316 Qut
441 4254 471 4304 si
489 4258 663 4303 cessasset.
699 4253 747 4302 Die
764 4252 913 4312 Beziebung
930 4264 984 4299 von
1003 4248 1047 4315 qui
1064 4250 1109 4299 aut
1128 4248 1177 4298 das
1195 4246 1309 4309 Subject
1327 4248 1372 4297 der

112 4321 196 4371 oratio
218 4323 363 4388 oblique
382 4325 417 4372 ist
435 4336 507 4372 zwar
525 4321 673 4379 eudellend
692 4321 759 4370 wird
778 4321 868 4370 indess
884 4318 969 4370 durch
986 4317 1049 4367 sehr
1067 4315 1249 4380 gewonnlicua
1264 4317 1373 4391 aneloge

115 4392 179 4440 Falto
205 4392 360 4454 lrinla'ugliclr
387 4391 532 4454 geschiitzt.
569 4389 653 4452 Vergl.
679 4389 731 4437 Cio.
755 4401 814 4451 epp.
834 4387 868 4437 ed
888 4387 948 4436 lam.
966 4383 990 4444 5,
1008 4382 1056 4434 21:
1083 4382 1165 4450 epeia
1184 4398 1248 4444 sarm,
1269 4382 1315 4448 qui
1331 4398 1372 4459 m-

114 4457 151 4505 leil
168 4475 278 4524 urrqucm
295 4474 351 4506 mec
369 4459 453 4523 potius
471 4472 546 4522 pram
561 4472 672 4505 meorum
690 4454 781 4504 ciuium
801 4470 881 4504 causa
900 4452 1019 4517 fecerim:
1041 4450 1095 4502 cati
1117 4449 1169 4500 nisi
1187 4448 1321 4499 incidisset
1342 4464 1372 4506 as,

114 4540 186 4643 puero
203 4533 231 4574 lu
249 4541 377 4590 rrurrqrrcm
394 4525 496 4584 amasti,
517 4525 612 4591 etipse
630 4523 716 4572 beatas
733 4530 804 4585 esset,
825 4528 849 4572 et
866 4536 950 4573 omnes
968 4519 1034 4569 boni.
1055 4546 1083 4556 -
1104 4516 1129 4581 7,
1143 4512 1239 4593 BMO.
1260 4516 1305 4568 Et
1323 4513 1370 4569 Al.

135 4607 151 4640 .:
172 4598 200 4639 at
217 4590 262 4643 Al.
284 4619 315 4627 —
336 4590 362 4651 7,
384 4588 425 4653 tl,
448 4588 487 4642 4⁸2.
510 4592 588 4642 Nom
608 4590 642 4640 si.
664 4590 704 4640 lt:
724 4605 783 4640 nam
801 4591 854 4640 etsi.
