2820 4964
101 196 165 261 aro
334 212 337 217 ·
376 246 380 259 ,
568 192 892 283 occurratur

104 365 218 445 gloriae
239 384 310 425 suae
331 384 392 425 non
414 365 595 442 refragatus,
622 364 732 425 afuisse
754 362 876 423 missum
897 362 928 421 in
949 359 1171 440 expeditionem
1198 359 1362 420 memoriae

104 462 232 522 tradidit.
274 464 368 521 Tanta
389 460 633 538 componentium
654 466 772 520 vetusta
796 478 896 519 rerum
918 463 1111 520 monumenta
1135 456 1188 517 vel
1216 458 1363 519 securitas

105 559 161 634 vel,
181 579 238 636 par
257 558 325 618 huic
346 557 458 631 vitium,
481 556 642 617 credulitas
662 557 729 617 mit!

188 656 290 715 XXll.
330 649 447 732 ²²Rege
464 653 495 712 in
516 653 740 713 tabernaculum
761 653 866 727 relato,
887 651 996 712 medici
1017 651 1130 730 lignum
1148 650 1276 729 sagittae
1298 670 1362 713 cor-

106 750 176 829 pori
195 751 335 825 infixum,
354 751 395 811 ita
415 770 453 810 ne
474 748 622 827 spiculum
644 756 832 826 moveretur,
856 746 1021 810 abscidunt
1061 743 1236 828 23Corpore
1256 748 1363 809 deinde

106 848 218 907 nudato
230 847 466 907 animadvertunt
479 847 583 906 hamos
605 849 703 906 inesse
724 847 795 922 telo,
820 866 877 906 neo
897 845 984 905 aliter
1004 844 1035 904 id
1055 848 1120 907 sine
1140 844 1277 925 pernicie
1298 864 1357 907 cor

106 943 192 1021 poris
211 943 324 1003 extrahi
345 962 454 1021 posse,
489 962 575 1022 quam
596 949 630 1003 ut
652 944 782 1003 secando
801 941 912 1001 vrtlnus
933 949 1085 1019 augerent.
1123 936 1305 1002 ²4Ceterum
1325 962 1362 1002 ne

108 1046 244 1101 secantes
268 1041 449 1118 profluvium
472 1036 625 1118 sanguinis
649 1043 821 1118 occuparet,
845 1037 1039 1112 verebantur3
1062 1038 1174 1120 quippe
1195 1038 1304 1116 ingens
1322 1044 1363 1098 te-

106 1135 168 1195 lum
187 1136 325 1196 adactum
337 1142 401 1196 erat
422 1142 451 1196 et
462 1146 634 1215 penetrasse
657 1137 687 1195 in
709 1135 824 1195 viscera
845 1134 1012 1197 videbatur.
1048 1131 1269 1209 ²⁵Critobulus,
1290 1134 1363 1194 inter

107 1232 242 1292 medicos
270 1233 342 1293 artis
364 1232 488 1292 eximiae
516 1233 621 1293 sedin
644 1238 727 1293 tanto
747 1231 884 1309 periculo
905 1231 1044 1307 territus,
1072 1250 1185 1291 manus·
1202 1230 1362 1291 admovere

107 1329 265 1404 metuebat,
285 1348 323 1388 ne
344 1328 374 1388 in
389 1328 485 1407 ipsius
504 1336 595 1407 caput
615 1348 721 1407 parum
739 1346 904 1407 prosperae
926 1328 1089 1390 curationis
1107 1326 1258 1387 recideret
1279 1346 1363 1389 even

108 1431 165 1484 tua.
206 1420 458 1487 ²⁶hacrimantem
481 1443 549 1485 eum
578 1444 613 1485 ac
641 1430 821 1484 metuentem
850 1431 880 1483 et
910 1422 1113 1485 sollicitudine
1142 1424 1363 1503 propemodum

108 1540 288 1600 exsanguem
310 1542 364 1581 rex
382 1527 589 1599 conspexerat.
632 1521 726 1595 Quid,
752 1519 864 1600 inquit,
885 1521 1001 1599 quodne
1020 1528 1138 1599 tempus
1162 1528 1320 1599 expectas,
1337 1530 1365 1581 et

107 1636 172 1676 nou
189 1620 417 1697 quamprimum
436 1619 492 1677 hoc
510 1618 612 1677 dolore
632 1637 679 1676 mc
699 1619 806 1677 saltem
827 1619 1015 1677 moriturum
1037 1616 1170 1678 liberas?
1194 1617 1248 1677 An
1272 1621 1363 1692 times,

108 1732 148 1772 ue
166 1734 237 1774 reus
255 1717 313 1789 ris,
336 1734 430 1793 quum
450 1712 623 1774 insanabile
642 1715 757 1774 uulnus
777 1716 967 1791 acceperim?
998 1708 1073 1773 walt
1092 1712 1272 1775 Critobulus
1306 1721 1365 1774 tan-

108 1808 176 1867 dem
203 1810 252 1869 vel
281 1811 364 1869 finito
392 1809 441 1868 vel
464 1809 648 1870 dissimulato
674 1816 755 1869 metu
776 1810 890 1869 hortari
913 1830 980 1871 eum
1007 1810 1122 1888 coepit,
1151 1816 1186 1870 ut
1210 1828 1245 1870 se
1273 1812 1364 1872 conti-

107 1905 237 1964 nendum
248 1905 415 1984 praeberet,
435 1907 505 1965 dum
519 1906 666 1983 spiculum
686 1904 842 1966 evelleret:
864 1907 952 1967 etiam
973 1906 1069 1967 levem
1089 1906 1231 1984 corporis
1253 1915 1364 1968 motum

108 1999 231 2059 noxium
253 2002 328 2063 lore.
363 1997 466 2062 ²³Rex
484 2022 576 2081 quum
597 2004 789 2078 affirmasset,
820 2002 894 2062 nihil
914 2022 993 2082 opus
1013 2020 1079 2062 csse
1099 2000 1161 2077 his,
1191 2000 1245 2082 qui
1275 2014 1365 2064 semet

110 2095 312 2173 continerent,
340 2099 418 2159 sicut
437 2105 631 2178 praeceptum
656 2105 733 2173 erat,
756 2098 821 2159 sine
840 2105 924 2160 motu
946 2098 1084 2177 praebuit
1108 2116 1232 2177 corpus.
1276 2101 1366 2178 lgitur

108 2194 259 2269 patefacto
280 2195 368 2255 latius
390 2194 515 2256 vulnere
539 2202 569 2255 et
589 2192 707 2274 spiculo
731 2195 836 2256 evolso
859 2196 963 2275 ingens
986 2194 1031 2255 vis
1059 2193 1215 2272 sanguinis
1246 2216 1364 2258 manare

109 2289 211 2366 coepit
228 2291 380 2372 linquique
401 2292 500 2351 animo
522 2310 575 2350 rex
597 2296 627 2350 ct
647 2290 772 2369 caligine
796 2291 894 2352 oculis
926 2292 1021 2352 offusa
1048 2290 1142 2351 veluti
1164 2290 1365 2355 moribundus

109 2387 238 2450 extendi.
266 2384 296 2426 29
304 2391 464 2467 Quumque
477 2386 658 2465 profluvium
675 2387 899 2449 medicamentis
921 2392 1031 2448 trustra
1051 2384 1231 2463 inhiberent,
1253 2389 1365 2451 clamor

109 2481 197 2543 simul
225 2492 313 2566 atque
344 2485 479 2563 ploratus
503 2483 667 2543 amicorum
700 2483 810 2559 oritur,
846 2502 947 2563 regem
979 2484 1133 2563 expirasse
1168 2485 1364 2548 credentium.

109 2579 242 2640 Tandem
265 2582 398 2642 constitit
421 2580 555 2657 sanguis,
579 2579 780 2659 paulatimque
799 2580 929 2641 altimum
949 2579 1065 2659 recepit
1089 2587 1120 2640 et
1139 2579 1364 2645 circumstantes

110 2674 210 2753 coepit
230 2696 405 2755 agnoscere.
437 2672 555 2735 ³⁰'l'oto
577 2695 613 2734 eo
634 2674 682 2735 die
706 2692 744 2735 ac
769 2684 875 2752 nocte,
905 2694 981 2757 quae
1009 2681 1113 2737 secuta
1143 2683 1208 2751 est,
1235 2688 1364 2742 armatus

109 2771 257 2832 exercitus
277 2774 389 2851 regiam
412 2771 545 2847 obsedit,
575 2771 732 2833 consessus
760 2793 865 2834 omnes
894 2773 984 2834 unius
1010 2773 1118 2852 spiritu
1147 2774 1261 2836 vivere.
1302 2778 1363 2838 Nec

109 2865 193 2941 prius
210 2878 414 2945 recesserunt,
441 2887 531 2949 qrram
552 2876 741 2946 compertum
765 2876 828 2944 est,
857 2888 964 2930 somno
988 2869 1143 2949 paulisper
1163 2872 1363 2951 acquiescere.

107 2961 184 3023 Hinc
207 2967 366 3027 certiorem
389 2984 473 3044 spem
493 2964 596 3026 salutis
618 2965 682 3026 eins
704 2966 734 3024 in
756 2973 854 3025 castra
875 2966 1064 3029 rettulerunt.

190 3062 304 3122 XXlll.
348 3058 469 3122 v¹2¹Rex
491 3067 605 3139 septem
637 3061 744 3121 diebus
772 3067 876 3122 curato
903 3060 1044 3138 vulnere,
1073 3062 1203 3122 necdum
1235 3065 1364 3128 obducta

109 3153 256 3231 cicatrice,
278 3178 368 3236 quum
392 3158 538 3231 audisset,
559 3157 747 3217 convaluisse
770 3158 850 3234 apud
867 3158 1013 3218 barbaros
1032 3159 1139 3218 famam
1157 3161 1268 3222 mortis
1289 3182 1363 3227 suae,

110 3248 228 3311 duobus
248 3254 372 3332 navigiis
394 3253 518 3325 iunctis,
539 3253 628 3312 statui
649 3253 679 3312 in
700 3253 829 3314 medium
851 3253 985 3333 undique
1009 3255 1209 3335 conspicuum
1228 3259 1364 3321 taberna-

109 3345 210 3406 culum
233 3348 333 3425 iussit,
362 3368 484 3428 exque
507 3366 540 3407 se
562 3342 734 3409 ostenderet
754 3349 869 3429 perisse
888 3351 1095 3426 credentibus,
1122 3360 1364 3437 conspectusque

109 3442 145 3501 ab
168 3442 276 3505 incolis
304 3462 397 3523 spem·
418 3444 548 3505 hostium
572 3446 648 3506 salso
677 3440 794 3507 nuntio¹
812 3452 990 3524 conceptam
1021 3446 1156 3507 inhibuit.
1201 3442 1365 3514 ²Sccnntlo

176 3726 201 3790 9,
216 3727 260 3790 22,
277 3727 319 3779 ⁸22.
354 3729 524 3795 Sagittae.
546 3731 585 3780 F.:
607 3730 703 3781 lmataa.
720 3759 755 3783 -,
776 3732 830 3780 ita
846 3746 890 3779 ue.
917 3734 953 3780 So
971 3733 1022 3781 wic
1043 3732 1095 3781 niv.
1112 3728 1268 3793 22,6l,5:
1295 3752 1367 3801 quma

109 3794 249 3847 dubitatum
272 3799 300 3847 iu
317 3806 407 3847 screatu
425 3805 494 3855 esset,
519 3796 715 3848 ‹tdrrtitterentur
739 3798 767 3847 ira
787 3797 874 3847 urbem
896 3815 943 3847 uec
962 3815 1000 3861 uc,
1029 3798 1081 3847 ltu
1098 3796 1222 3848 admissos
1246 3818 1312 3865 esse,
1335 3819 1368 3852 ne

109 3871 218 3915 tumen
243 3867 288 3915 its
310 3874 447 3915 serratus
476 3865 622 3916 duretur.
657 3870 711 3917 Der
730 3868 861 3925 Gadanus,
889 3868 931 3916 dia
952 3866 1105 3926 ltttcksieht,
1132 3866 1174 3917 dle
1191 3868 1367 3935 Besorguiss:

108 3948 139 3980 ua
158 3934 282 3999 spiculum
301 3941 451 3995 alienaretur,
468 3934 641 3985 beherrsclrlc
660 3936 702 3985 dte
715 3938 810 3985 hcrzta
827 3934 870 3984 bet
889 3935 937 3983 der
949 3936 1101 3996 operation.
1121 3960 1150 3969 -
1172 3934 1367 3987 (abscidunt.

108 4000 147 4048 F.:
167 4001 324 4052 abscindunt.
359 4004 383 4051 S.
405 4016 437 4050 zu
458 3999 481 4061 3,
500 3998 540 4062 29,
561 3999 601 4050 25.

176 4092 199 4155 9,
220 4093 261 4157 22,
278 4091 320 4143 24.
354 4093 559 4157 Occuparet,
579 4089 797 4143 verebantur.
834 4091 888 4141 Der
907 4096 991 4141 etwas
1008 4091 1123 4141 schretle
1143 4090 1305 4171 Urbes-gang
1323 4096 1367 4145 des

108 4160 253 4223 Rhythmus
280 4161 427 4222 entspricht
454 4161 502 4209 der
520 4160 693 4210 Gewohnheit
719 4160 767 4210 des
788 4159 998 4210 Schriltstellers.
1033 4160 1058 4207 S.
1077 4174 1098 4208 z.
1117 4158 1146 4209 B.
1165 4156 1190 4219 5,
1210 4159 1250 4223 lo,
1271 4160 1317 4211 24.
1345 4160 1366 4219 5,

109 4226 148 4288 15,
166 4224 207 4276 26.
225 4226 248 4291 7,
269 4226 310 4290 21,
330 4224 368 4276 tt.
385 4226 409 4289 5,
428 4225 469 4287 27,
490 4224 527 4275 12.
545 4224 569 4288 8,
585 4223 625 4285 lo,
646 4223 684 4275 to.
703 4225 729 4286 5,
744 4226 783 4289 13,
798 4226 821 4276 2.
843 4223 921 4288 422,
937 4224 975 4275 12.
998 4222 1023 4285 t,
1037 4222 1079 4286 tt,
1095 4222 1133 4275 13.
1155 4254 1182 4263 -
1218 4224 1244 4291 9,
1263 4227 1308 4292 22,
1329 4228 1366 4279 2u

110 4293 330 4344 Critobulus.
355 4296 416 4344 Plin.
437 4296 465 4343 N.
485 4295 514 4343 H.
534 4293 560 4355 7,
580 4292 621 4357 37,
642 4292 690 4344 37:
715 4310 809 4358 mupna
830 4302 855 4342 et
881 4292 1061 4343 Critobulo
1086 4294 1159 4357 fama
1179 4301 1224 4357 est,
1246 4304 1367 4347 eratrnctu

110 4360 266 4430 Philippi
291 4362 357 4428 rapis
380 4360 452 4411 oculo
473 4361 570 4426 aupitta
592 4369 617 4409 at
634 4362 702 4411 citra
722 4360 908 4426 deformitatem
933 4358 984 4410 tate
1008 4369 1101 4411 curata
1121 4360 1234 4412 orbitate
1257 4362 1365 4415 luminis.

110 4429 175 4477 ltarl
191 4446 251 4480 man
270 4431 349 4480 beide
369 4431 436 4479 Falla
452 4429 601 4479 rerbinden
621 4430 677 4478 und
696 4431 742 4479 aul
762 4434 820 4481 eine
836 4432 936 4481 Person
954 4429 1081 4479 bezteben
1099 4428 1153 4489 (die
1170 4430 1228 4479 zen
1244 4433 1282 4483 ist
1301 4432 1366 4483 aben

108 4496 168 4544 kain
186 4498 350 4555 llindcrniss‚
375 4498 444 4546 denn
464 4498 563 4560 Philipp
589 4498 678 4547 verior
698 4500 755 4548 sein
774 4500 844 4563 Auge
860 4512 910 4547 vor
928 4498 1051 4547 Methone
1070 4494 1122 4546 353
1141 4510 1167 4545 ν.
1187 4498 1250 4547 Chr.
1273 4502 1322 4563 G.),
1338 4512 1366 4549 so

107 4574 164 4609 war
181 4565 221 4611 Cr.
240 4565 309 4611 wohl
327 4563 475 4613 besonders
496 4566 662 4627 geschichter
679 4566 799 4629 Chirurg.
812 4593 845 4602 α
864 4563 888 4626 9,
906 4562 949 4626 22,
968 4562 1011 4614 30.
1034 4562 1138 4615 Unius
1158 4564 1295 4633 spiritu
1312 4566 1365 4617 ai-

107 4643 193 4678 vere.
216 4633 241 4679 S
261 4628 287 4690 3,
307 4628 345 4688 15,
366 4628 410 4679 10;
432 4646 528 4696 seraper
545 4632 643 4696 quidem
663 4633 768 4700 spiritus
788 4648 855 4682 meus
876 4648 908 4682 ex
927 4638 951 4681 te
966 4630 1092 4699 pependit.
1240 4640 1243 4645 '
