2820 4964
116 177 180 241 mc
445 202 448 207 ·
589 177 629 256 o.
652 176 791 239 cumn
814 178 911 241 aum

116 347 176 409 sari
195 344 225 406 iu
251 345 334 424 regia
356 344 452 421 solita,
475 346 545 426 quia
565 346 706 409 instinctu
723 348 881 408 videbatur
908 347 1008 408 sutura
1028 349 1214 427 praedicere,
1246 370 1312 413 non
1330 372 1375 415 cc-

116 444 211 505 currit
232 443 324 503 modo
348 442 477 516 abeunti,
506 443 561 503 sed
589 443 679 504 etiam
704 451 799 505 semet
827 443 947 520 obiecit,
976 443 1120 525 vultuque
1142 451 1174 507 et
1198 447 1300 509 oculis
1319 469 1376 510 mo

116 550 177 601 tum
201 540 375 619 praeferens
400 537 499 613 animi,
529 544 563 600 ut
589 541 701 601 rediret
727 541 759 601 in
780 540 960 617 convivium,
984 541 1114 603 monuit:
1156 537 1222 603 ¹⁷et·
1248 543 1300 604 ille
1327 565 1376 624 per

115 637 228 711 ludum,
259 635 337 694 bene
358 634 433 695 deos
452 636 580 697 suadere
601 638 765 716 respondit,
789 637 997 718 revocatisque
1019 638 1122 699 amicis
1144 639 1176 699 in
1195 640 1304 701 horam
1323 642 1377 702 diei

115 736 208 794 terme
230 730 392 792 secundam
414 731 543 792 convivii
563 738 681 813 tempus
705 735 840 795 extraxit.
875 728 972 795 ¹³lam
995 734 1046 795 alii
1066 753 1104 794 ex
1123 735 1255 796 cohorte
1275 737 1305 797 in
1324 746 1376 799 ste-

114 831 227 891 tionem
249 832 465 900 successerant,
497 837 565 890 ante
588 830 723 893 cubiculi
746 833 828 891 sores
858 831 1034 907 excubituri,
1063 831 1163 893 adhuc
1186 839 1291 895 tamen
1311 855 1377 897 con-

111 926 203 987 iurati
224 926 342 986 stabant
360 922 426 983 vice
442 924 536 986 officii
555 927 604 988 sui
625 927 758 1006 expleta;
786 929 862 989 adeo
884 928 1021 1007 pertinax
1043 945 1114 1006 spes
1136 935 1191 1005 est,
1212 950 1308 1010 quam
1328 932 1376 991 hu-

113 1042 217 1083 manae
250 1026 364 1081 mentes
394 1020 621 1085 devoraverunt.
662 1019 759 1085 ¹9Rex
784 1024 950 1102 benignius,
980 1042 1069 1103 quem
1093 1024 1168 1086 alias
1193 1024 1374 1107 alloquutus,

112 1119 268 1179 discedere
299 1135 353 1175 ecs
379 1115 418 1174 ad
446 1119 578 1180 curanda
609 1140 749 1200 corpora,
785 1120 927 1200 quoniam
954 1126 1019 1181 tota
1045 1127 1134 1183 nocte
1165 1123 1375 1202 perstitissent,

112 1215 203 1275 iubet.
239 1216 318 1273 Data
338 1210 464 1289 singulis
486 1216 700 1296 quinquaginta
714 1215 864 1290 sestertia,
884 1215 1071 1294 collaudatis,
1094 1218 1293 1299 quodetiam
1313 1220 1375 1281 aliis

113 1311 222 1371 tradita
243 1309 309 1369 vice
332 1314 430 1369 tamen
453 1313 602 1375 excubare
621 1302 871 1392 perseverassent.

197 1408 312 1467 XXlll.
359 1399 443 1466 ²⁰1hi
464 1415 546 1469 tanta
567 1429 622 1489 spe
643 1410 775 1471 destituti
795 1410 902 1471 domos
922 1410 1039 1473 abeunt.
1080 1411 1121 1473 Et
1139 1412 1237 1473 ceteri
1258 1412 1376 1494 quidem

111 1505 310 1584 expectabant
338 1503 474 1565 stationis
496 1524 569 1567 suae
588 1513 724 1568 noctem:
750 1506 920 1585 Epimenes,
950 1507 1014 1568 sive
1037 1509 1177 1570 comitate
1196 1510 1292 1589 regis,
1321 1531 1376 1590 qua

111 1603 210 1680 ipsum
239 1602 316 1661 inter
340 1599 514 1663 coniuratos
543 1608 711 1682 exceperat,
747 1608 872 1681 repente
897 1609 1037 1680 mutatus,
1066 1603 1130 1664 sive
1156 1605 1231 1685 quia
1260 1607 1375 1686 coeptis

111 1699 185 1760 deos
207 1699 328 1759 obstare
348 1698 497 1773 credebat,
525 1699 610 1759 fratri
628 1718 685 1760 suo
707 1698 892 1777 Eurylochc,
914 1719 1003 1780 quem
1024 1705 1110 1761 antea
1131 1710 1292 1781 expertem
1312 1723 1375 1765 esse

110 1795 229 1857 consilii
253 1795 399 1870 volueret,
433 1793 505 1874 quid
531 1803 698 1873 pararetur,
730 1795 835 1872 aperit.
889 1790 913 1833 2¹
924 1795 1074 1857 Omnibus
1094 1798 1232 1871 Philotae
1263 1800 1375 1879 suppli-

111 1892 190 1952 cium
214 1892 245 1951 in
268 1891 365 1952 oculis
388 1897 459 1951 erat.
498 1892 600 1970 ltaque
625 1890 764 1969 protinus
787 1890 881 1951 iniicit
900 1893 986 1952 fratri
1006 1912 1124 1955 manum
1149 1901 1181 1955 et
1209 1896 1244 1956 in
1265 1898 1375 1975 regiam

110 1989 253 2068 pervenit,
288 1986 484 2065 excitatisque
506 1987 681 2048 custodibus
705 1986 853 2065 corporis
886 1989 924 2048 ad
951 1987 1077 2049 salutem
1101 1991 1185 2070 regis
1211 1994 1373 2071 pertinere,

110 2105 186 2166 quae
206 2086 335 2162 efferret,
357 2084 492 2148 affirmat.
527 2078 599 2143 2²Et
621 2090 747 2162 tempus,
769 2104 830 2163 quo
851 2090 1003 2161 venerant,
1028 2091 1059 2145 et
1076 2086 1177 2148 vultus
1196 2088 1282 2151 haud
1303 2110 1372 2152 saue

108 2183 208 2243 securi
232 2181 322 2242 animi
343 2180 440 2255 index,
461 2186 492 2241 et
513 2181 659 2241 maestitia
679 2200 695 2241 e
714 2180 833 2241 duobus
852 2178 984 2257 alterius
998 2182 1203 2245 Ptolemaeum
1226 2205 1265 2246 ec
1278 2189 1371 2248 Leon-

108 2287 211 2340 natum
233 2278 416 2338 excubantes
436 2277 475 2337 ad
500 2276 633 2337 cubiculi
659 2276 751 2337 limen
778 2276 990 2339 excitaverunt.
1034 2280 1137 2362 ltaque
1165 2284 1283 2360 apertis
1303 2284 1370 2345 iori-

107 2379 164 2438 bus
183 2382 212 2436 et
233 2375 344 2435 lumine
364 2373 456 2448 illato,
477 2373 609 2450 sopitum
630 2392 714 2432 mero
737 2392 772 2433 ac
792 2393 899 2434 somno
919 2373 1048 2434 excitant
1068 2394 1180 2454 regem.
1222 2379 1280 2440 llle
1302 2400 1369 2460 pau

106 2475 188 2535 latim
210 2478 308 2533 mente
331 2471 467 2544 collecte,
489 2469 561 2548 quid
582 2470 729 2544 afferrent,
750 2469 924 2547 interrogat.
969 2465 1072 2531 23Nec
1095 2479 1254 2536 cunctatus
1276 2479 1368 2555 Eury-

106 2572 221 2646 lochus,
241 2588 303 2629 non
327 2587 365 2627 ex
385 2573 450 2628 toto
475 2569 598 2628 domum
617 2586 701 2626 suam
722 2567 855 2626 aversari
876 2566 951 2627 deos
966 2567 1048 2645 dixit,
1071 2570 1140 2650 quia
1155 2571 1252 2633 frater
1266 2572 1366 2657 ipsius,

106 2688 283 2751 quamquam
304 2665 428 2743 impium
447 2664 561 2725 facinus
584 2682 675 2724 ausus
696 2662 783 2737 foret,
806 2669 903 2723 tamen
923 2668 953 2722 et
976 2665 1191 2742 poenitentiam
1213 2660 1367 2749 eiuss'age-

105 2772 152 2827 rct
173 2771 203 2826 et
226 2782 281 2844 per
302 2782 335 2822 se
356 2761 545 2842 potissimum
562 2760 754 2839 profiteretur
775 2758 927 2822 indicium.
968 2759 1001 2819 ln
1030 2780 1096 2823 eam
1118 2762 1213 2842 ipsam
1238 2776 1365 2843 noctem,

172 2991 196 3054 8,
214 2988 256 3052 Ἡ,
275 2989 314 3041 18.
334 2989 459 3039 Mentes
479 2989 741 3038 decoraverunt.
770 2988 811 3037 F.:
832 2994 935 3051 mentes,
956 3004 1031 3055 qnam
1049 2988 1161 3055 inperator
1182 2996 1364 3061 concupiscen-

107 3062 158 3110 tiae
179 3061 338 3107 devoverunt.
373 3059 427 3107 Der
443 3055 770 3107 Ausdrnckhnmcnae
794 3064 924 3105 mentes
949 3060 1021 3108 steht
1047 3058 1114 3120 lest3
1139 3074 1159 3109 s.
1183 3074 1217 3110 zu
1237 3061 1265 3121 7,
1284 3061 1325 3123 30,
1341 3061 1364 3113 8.

106 3131 163 3178 {ind
176 3142 244 3192 spem
262 3125 516 3172 decoraverunt
535 3127 570 3174 ist
587 3137 658 3172 zwar
676 3125 719 3172 ein
737 3126 842 3174 starker
854 3127 965 3187 tropus,
985 3126 1061 3175 allein
1081 3140 1111 3176 er
1124 3127 1287 3181 bezeichnet
1300 3133 1364 3182 eben

106 3211 137 3244 so
162 3195 225 3243 sehr
244 3193 293 3240 das
312 3192 420 3252 Hestige,
443 3190 696 3241 Leidenschasth'ehe
724 3192 771 3240 der
791 3193 929 3256 Begierde,
959 3194 997 3243 als
1016 3207 1047 3242 er
1067 3194 1186 3245 deutlich
1210 3200 1363 3253 ausdrdckt.

104 3264 167 3312 dass
186 3263 234 3310 des
254 3259 366 3308 Gemhtb
392 3259 435 3307 die
459 3259 591 3320 Hotrnung
615 3259 758 3319 gleichsam
780 3261 806 3308 in
833 3260 890 3310 sich
910 3260 1112 3323 autgenommen
1136 3263 1192 3318 hat.
1226 3266 1363 3317 Vielteicbt

104 3331 184 3380 stand
211 3328 276 3378 aber
303 3328 486 3388 ursprhnglich
513 3329 595 3376 etwe:
627 3324 689 3372 adro
715 3327 838 3391 pertinax
862 3343 918 3392 spes
945 3335 989 3390 est,
1019 3343 1095 3392 qaam
1117 3328 1246 3380 immam
1273 3341 1362 3382 mmm

102 3397 257 3463 inperitia
282 3395 565 3460 concupiscentes
589 3392 782 3443 decornmrnnt.
811 3422 839 3430 -
878 3391 904 3455 8,
923 3392 963 3457 2⁸2,
983 3392 1022 3446 19.
1060 3394 1298 3450 Collaudatis.
1325 3403 1361 3453 F.:

104 3464 314 3530 collaudansque.
347 3460 467 3513 Andere:
489 3460 687 3526 collaudetiqne.

173 3554 259 3618 Mai,
280 3553 321 3607 21.
360 3554 485 3602 lniicit
508 3553 620 3617 fratri
645 3560 782 3602 menum.
820 3554 846 3601 S.
866 3554 920 3602 Ltv.
940 3549 964 3617 3,
985 3549 1028 3614 44,
1048 3551 1078 3606 6:
1100 3554 1363 3621 virginieem'mri

102 3626 130 3674 in
149 3625 234 3688 [crum
253 3623 367 3673 minister
388 3622 522 3671 decemviri
541 3638 667 3671 maneam
687 3619 829 3668 iniecit:
853 3636 928 3669 seren
945 3636 993 3670 aaa
1011 3629 1101 3671 netem
1119 3639 1171 3673 ease
1189 3626 1361 3691 (virginiam).

102 3695 149 3744 Die
167 3692 340 3753 Anwendung
359 3691 477 3740 erinnert
504 3704 537 3740 an
558 3690 610 3740 den
631 3688 818 3752 gerichtlichcn
840 3689 981 3738 Gebraucb
998 3703 1051 3741 von
1078 3705 1192 3742 manns
1213 3692 1361 3745 iniectio

102 3763 158 3812 und
181 3775 308 3809 maurim
330 3758 475 3806 iniicere
498 3759 523 3807 tn
540 3757 752 3809 verschiedcnen
769 3755 863 3817 Fellen,
892 3769 934 3805 wo
954 3769 1015 3806 man
1034 3759 1092 3807 sich
1107 3758 1193 3809 durch
1213 3760 1258 3812 dle
1278 3776 1361 3827 ange-

102 3831 211 3881 deutetc
231 3827 369 3889 Handlung
387 3827 461 3875 einer
479 3826 580 3876 Person
600 3825 810 3888 vergewisserle,
828 3824 872 3873 die
890 3825 978 3897 elnam
996 3825 1095 3876 Urtheil
1113 3826 1243 3878 veriallen
1265 3844 1330 3881 war.

168 3919 194 3980 8,
214 3917 254 3982 23,
273 3915 315 3969 22.
351 3916 460 3966 Mente
488 3914 647 3965 collecta.
682 3916 727 3964 Ein
752 3914 815 3963 sehr
833 3913 1206 3969 bezeichnenderhusdruck
1225 3934 1283 3971 von
1302 3922 1360 3972 dem

100 3990 342 4040 Wiedereintreten
361 3987 408 4035 der
426 3986 577 4048 geregelteu
598 3985 708 4046 rubigen
727 3982 979 4045 Geistestha'tigkeit,
1004 3984 1134 4035 necbdem
1155 3986 1276 4039 dieselbe
1296 4004 1361 4039 vor-

100 4058 148 4106 her
164 4057 249 4107 durch
270 4055 363 4119 irgend
390 4054 433 4103 ein
450 4053 591 4115 Ereigniss,
621 4050 743 4111 Schreck,
770 4050 878 4109 Furcht,
906 4050 996 4101 Schlal
1020 4066 1045 4101 u.
1067 4065 1089 4102 a.
1116 4057 1221 4115 gestan
1239 4058 1359 4108 worden.

100 4127 126 4173 S.
148 4126 200 4173 Cic.
221 4126 300 4173 Tusc.
320 4119 344 4182 ti,
363 4119 404 4183 36,
422 4118 470 4170 78:
499 4117 560 4185 quid
583 4125 618 4166 est
643 4124 727 4166 autem
749 4132 783 4165 se
807 4116 917 4185 ipsum
944 4116 1121 4185 colliyere,
1147 4120 1197 4170 nisi
1221 4122 1360 4190 dissipatas

100 4191 179 4241 aneni
194 4198 281 4257 partes
301 4205 403 4239 rursum
422 4189 450 4236 in
469 4203 541 4236 suurn
561 4184 643 4235 locum
664 4183 772 4250 capere?
798 4185 939 4235 Tac.Ann.
960 4185 982 4248 1,
1006 4183 1052 4236 1⁸2:
1069 4187 1204 4254 perculsus
1220 4190 1359 4258 improvise

100 4259 310 4324 interrcqaticne,
328 4254 445 4323 paullum
463 4254 583 4303 reticuit:
601 4252 665 4315 dein,
687 4269 721 4301 co
733 4250 839 4301 llectc
860 4252 985 4316 animo,
1005 4254 1143 4323 respondit.

166 4349 191 4411 8,
207 4347 251 4408 23,
269 4345 310 4397 23.
348 4346 397 4395 Ec
423 4353 504 4397 toto.
543 4344 683 4394 hehnlicbc
700 4342 907 4406 Verblndnngen
933 4358 984 4394 von
1004 4361 1037 4393 ec
1056 4349 1105 4397 mit
1129 4348 1192 4399 dem
1211 4350 1357 4412 Singularis

99 4420 172 4469 eines
190 4418 359 4479 adjectivum
379 4415 445 4464 oder
462 4413 631 4474 Partictpmm
658 4425 715 4474 gen.
738 4416 832 4472 neum,
858 4413 940 4461 deren
960 4413 1117 4478 Bedeutung
1140 4416 1190 4466 der
1209 4418 1357 4467 adverbia-

99 4487 141 4534 len
159 4486 228 4533 nahe
244 4486 354 4542 kcmmt‚
373 4482 462 4532 finden
481 4482 537 4532 sich
553 4483 587 4530 im
607 4479 741 4529 silbernen
761 4479 884 4528 Zeitalter
902 4481 951 4529 der
969 4481 1096 4532 Latinitat
1110 4483 1200 4546 bbulig
1223 4486 1279 4535 und
1298 4485 1355 4536 stud

98 4551 168 4601 wohl
188 4551 229 4598 tur
248 4551 402 4599 Gr'dcismen
419 4565 452 4598 zu
470 4550 566 4598 hatten.
601 4549 636 4596 So
653 4550 728 4609 sagte
749 4560 811 4596 men
831 4544 862 4595 ἐκ
881 4543 976 4603 παντὸς
998 4562 1024 4598 u.
1045 4546 1073 4607 ἐξ
1091 4546 1211 4619 ἅπαντος.
1225 4578 1255 4589 -
1273 4568 1353 4619 pm.

98 4615 280 4668 nitentium
307 4615 378 4664 eius
405 4623 531 4682 eperat.
567 4615 646 4667 Diese
666 4613 838 4677 Verbindung
858 4614 894 4665 ist
922 4616 958 4669 in,
973 4616 1023 4669 der
1048 4618 1353 4677 cantamen-haumar
