2820 4964
147 186 209 248 lX.'
219 184 290 249 XV.
303 187 438 249 11-1t.
451 184 535 249 xvi.
547 185 1069 255 15-2-t.xv11.22-25.xvi11.
1081 195 1215 262 26-30.
1249 200 1313 268 dili

133 347 159 391 ¹9
170 354 237 415 Rex
253 371 316 413 non
335 370 408 428 sua,¹
421 353 476 420 sed
494 354 624 417 militum
636 355 840 418 sollicitudine
854 359 968 435 anxias,
991 362 1139 424 concione
1157 366 1311 446 advocata,

48 451 149 525 docet,
177 449 315 525 imbelles
336 466 413 525 esse,
445 470 522 529 quos
551 457 714 517 metuant·
736 452 821 515 Nibil
845 454 954 516 deinde
980 464 1102 536 practer
1126 461 1179 521 bas
1206 472 1310 541 gentes

48 548 178 622 obstare,
208 546 366 626 quominus
396 553 542 607 terrarum
564 548 661 626 spatia
688 549 809 611 emensi·
823 551 862 611 ad
884 552 974 613 linem
992 554 1082 615 simul
1103 560 1206 619 mundi
1226 561 1306 624 labo·

47 663 176 723 rumque
204 643 387 720 perveniant.
432 638 461 680 ²⁰
470 641 607 705 Cessisse
635 645 694 707 iilis
722 646 923 708 metuentibus
942 649 1069 726 Gangen
1095 658 1125 712 et
1146 656 1312 721 multitudi-

47 758 117 800 nem
146 737 308 814 nationum,
341 759 417 818 quae
443 739 522 799 ultra
550 760 665 801 amnem
688 748 802 802 essent:
824 743 997 827 declinasse
1026 746 1082 807 iter
1104 768 1151 824 eo,
1182 752 1235 813 nbi
1255 775 1312 833 par

47 835 156 914 gloria,
181 834 278 896 miuus
302 834 468 913 periculum
490 845 577 899 esset.
619 833 714 898 2¹lam
734 839 912 917 prospicere
934 859 968 900 se
988 860 1143 921 oceanum,
1164 848 1221 910 iam
1243 871 1312 930 pere

48 933 122 993 flare
142 931 180 991 ad
204 931 288 1009 ipsos
315 951 417 991 auram
441 933 545 993 maris:
575 955 614 994 ne
638 934 806 996 inviderent
834 935 893 996 sibi
916 935 1044 1012 landem,
1071 940 1159 1019 quam
1184 955 1310 1023 peteret.

48 1027 189 1091 Herculis
213 1034 243 1087 et
264 1028 365 1089 Liberi
387 1030 485 1106 ¹patris
507 1030 651 1092 terminos
674 1030 852 1094 transituros
873 1031 952 1105 illas,
979 1033 1044 1111 regi
1066 1055 1123 1098 suo
1140 1058 1235 1118 parvo
1256 1046 1312 1108 im·

48 1125 162 1204 pendio
184 1123 435 1185 immortalitatem
462 1126 558 1187 lamae
583 1127 717 1187 daturos.
760 1127 938 1188 Paterentur
966 1147 1000 1189 se
1028 1151 1066 1191 ex
1092 1135 1176 1196 India
1200 1142 1312 1221 redire,

48 1241 112 1282 nou
134 1221 247 1298 fugere.
1044 1282 1048 1287 ,
1144 1282 1147 1287 ,
1250 1272 1253 1277 .

132 1318 232 1378 XVll.
279 1309 307 1352 ²²
316 1317 422 1378 Omnis
445 1317 604 1378 multitudo
632 1325 662 1378 et
683 1317 811 1378 maxime
837 1319 972 1381 militaris
994 1323 1098 1385 mobili
1118 1327 1232 1408 impetu
1253 1335 1313 1395 for·
1337 1334 1345 1349 '

48 1421 108 1477 tur.
150 1415 195 1475 lta
215 1413 372 1476 seditionis
395 1433 458 1474 non
486 1413 632 1488 remedia,-
656 1433 745 1495 quam
771 1413 919 1493 principia
946 1417 1061 1481 maiora
1083 1429 1160 1486 sunt
1198 1421 1312 1492 .²3N011

47 1511 126 1573 alias
142 1519 202 1572 tam
220 1510 320 1572 alacer
339 1510 454 1571 clamor
473 1510 512 1571 ab
532 1510 667 1571 exercitu
684 1516 732 1570 'est
752 1509 887 1572 redditus
907 1511 1086 1591 iubentium,
1108 1519 1311 1588 duceret-diis

46 1609 189 1670 secundis
212 1605 540 1687 aequaretque·gloria‚
571 1625 648 1685 quos
671 1605 878 1671 denudaretur.
920 1610 1031 1670 Laetus
1053 1612 1098 1672 bis
1121 1617 1311 1686 acclamatio-

48 1705 138 1766 nibus
162 1705 324 1765 adbostes
347 1701 486 1780 protinus
509 1707 608 1762 castra
629 1709 738 1763 movet.
783 1696 1030 1779 2⁴Vatidissimae-
1044 1708 1310 1795 tudonem-gentes

47 1811 136 1863 erant
158 1809 187 1862 et
213 1801 326 1861 bellum
346 1798 472 1877 impigre
493 1797 649 1876 parabant;
680 1798 848 1879 ducemque
873 1819 912 1863 ex
937 1802 1059 1865 natione
1080 1808 1310 1886 Oxydraearum

49 1906 203 1977 spectatae
221 1896 338 1957 virtutis
353 1895 514 1973 elegerant,
527 1895 579 1975 qui
596 1894 654 1955 sub
665 1894 817 1957 radicibus
834 1897 946 1958 montis
958 1906 1058 1961 castra
1067 1904 1176 1981 posuit,
1189 1907 1309 1991 lataque

49 1995 143 2073 ignes,
169 2004 203 2055 ut
221 1994 353 2073 speciem
371 1986 568 2053 multitudinis
586 2000 719 2070 augeret,
742 1992 882 2067 ostendit,
909 1993 1040 2063 clamore
1060 2020 1190 2081 quoquc·
1205 2025 1242 2066 ac
1261 2009 1309 2069 sui

49 2094 144 2155 moris
163 2091 278 2151 ululatu
303 2088 465 2148 identidem
493 2088 720 2168 acquiescentes
737 2089 919 2151 blacedonas
939 2093 1054 2155 trustra
1080 2102 1200 2160 terrere·
1220 2118 1311 2164 cana-

48 2196 107 2250 tus.
150 2181 247 2245 25lam
263 2184 316 2242 lini
338 2183 507 2260 appetebat,
527 2202 619 2260 quum
640 2202 694 2241 rex
712 2183 840 2245 fiduciae
861 2205 897 2244 ac
913 2188 981 2264 spei
1001 2190 1108 2267 plenus
1122 2195 1238 2260 alacres
1255 2203 1310 2262 mi.

47 2284 118 2342 lites
138 2301 219 2340 arma
243 2297 352 2355 capere
373 2283 403 2336 et
423 2277 506 2336 exire
525 2278 556 2336 in
575 2277 671 2338 aciem
690 2277 781 2340 iubet.
825 2280 895 2354 Sed,
918 2282 997 2345 baud
1018 2288 1162 2366 traditur,
1187 2303 1310 2359 nicoma

46 2398 89 2439 an
113 2377 220 2437 oborta
240 2373 386 2436 seditione
408 2372 486 2431 inter
507 2374 599 2451 ipsoS,
623 2373 723 2433 subito
746 2375 954 2452 profugerunt·
969 2379 1101 2451 barbari;
1123 2392 1205 2449 carte
1226 2393 1310 2456 avios

47 2480 168 2535 montes
200 2480 229 2531 et
254 2469 414 2547 impeditos
439 2475 678 2546 occupaverunt:
706 2488 836 2548 quorum
864 2490 971 2548 agmen
990 2495 1043 2536 rex
1075 2479 1185 2543 frustra
1206 2504 1311 2563 perae·

48 2574 161 2650 quutus
185 2566 396 2645 impedimenta
416 2565 506 2643 cepit.
1239 2626 1242 2631 ⁸
1283 2610 1287 2617 .

133 2665 246 2724 XVlll.
275 2658 302 2700 ²⁶
311 2664 489 2722 Perventum
505 2661 613 2723 deiude
636 2667 682 2722 est
700 2661 740 2721 ad
758 2662 902 2740 oppidum
916 2668 1159 2748 ,Oxydracarum
1179 2677 1210 2737 in
1227 2698 1269 2759 qu

48 2760 187 2840 plerique
215 2760 422 2838 confugerant,
456 2759 534 2820 haud
560 2757 673 2818 maiore
699 2757 809 2817 fiducia
835 2762 996 2840 moenium,
1022 2772 1310 2846 ‘quamtamomm

48 2853 77 2895 ²⁷
85 2859 148 2917 lam
165 2857 345 2916 admovebat
365 2876 428 2930 rex,
451 2874 542 2935 quum
565 2859 648 2914 vates
673 2868 797 2913 monere
818 2873 888 2919 eum
908 2861 1017 2940 coepit,
1047 2883 1085 2925 ne
1113 2869 1312 2936 mmmm

47 2966 103 3016 aut
123 2962 202 3014 certe
224 2954 356 3013 differret
375 2951 578 3013 obsidionem:
600 2949 678 3011 vitae
702 2951 767 3009 eius
788 2954 956 3028 periculum
977 2962 1103 3022 ostendi
1133 2957 1312 3030 2⁸ch2002

47 3052 245 3128 rnopliontem
265 3049 302 3126 (is
322 3067 452 3128 namque
471 3055 554 3107 vates
576 3050 651 3120 erat)
673 3046 799 3121 intuens,
827 3049 866 3109 Si
883 3054 958 3128 qais,
979 3053 1082 3137 inquit,
1101 3060 1137 3120 'to
1154 3065 1312 3127 artatum

48 3149 206 3205 intentam
227 3153 257 3204 et
275 3153 348 3204 exta
368 3149 553 3222 spectantem
570 3143 614 3200 ric
635 3143 815 3221 mapella,-
841 3167 907 3207 acn
928 3148 1068 3229 dubitem,
1099 3154 1176 3234 quib
1196 3158 1312 3231 hm,

47 3241 157 3300 merlus
176 3262 213 3300 ac
231 3242 373 3300 molestas
394 3240 494 3299 videri
511 3237 568 3297 tibi·
580 3241 684 3316 possit.
735 3233 808 3300 ²⁹Et
838 3263 928 3322 quum
948 3245 998 3305 ille
1022 3248 1062 3308 ita
1082 3272 1209 3330 prorsus
1230 3258 1311 3322 futu.

48 3358 117 3396 rum
137 3336 352 3414 respondisset,
375 3334 525 3410 censesne,
548 3333 652 3412 inquit,
673 3341 779 3396 tantas
796 3358 851 3414 res,
867 3358 936 3412 ,aaa
948 3345 1103 3425 pecodum
1115 3348 1219 3428 fibra,
1238 3365 1313 3417 ant,

47 3433 153 3494 oculor
169 3430 295 3492 habenti
315 3432 417 3490 allam
440 3451 499 3490 esse
519 3433 621 3490 rricius
642 3431 907 3512 ainpedimentum,
933 3432 1036 3516 qaam?
1046 3444 1313 3528 uatemreapcrsti,

48 3531 133 3589 tione
149 3531 298 3606 captam?
341 3520 447 3586 ³⁰Nec
470 3525 589 3600 diutius,
619 3546 708 3606 quarn
731 3530 900 3607 respondit,-
916 3542 1065 3615 maratus,
1095 3542 1249 3608 admoveri
1269 3550 1312 3611 iu-

122 3739 148 3802 9,
165 3741 204 3804 16,
229 3741 268 3792 19.
301 3740 780 3820 Simulmundilaborumque.
812 3747 938 3823 debulicb
959 3754 1053 3807 Seneo.
1074 3716 1314 3829 Suasortlstpff:

47 3809 151 3860 iidem
168 3818 247 3858 sarit
267 3810 406 3859 tei'aiini
430 3816 574 3873 etrepiae
594 3817 646 3858 tua
671 3816 702 3858 et
721 3810 838 3862 merida.
862 3840 890 3851 -
922 3814 1005 3883 9,,16,
1024 3821 1066 3876 21.
1093 3825 1311 3883 aoranae-

46 3878 106 3929 eds.
147 3878 234 3926 Scbcn
256 3892 305 3928 aus
323 3880 349 3926 C.
368 3876 393 3938 9,
411 3872 452 3937 34,
472 3872 488 3925 3
508 3877 612 3941 crgiebt
629 3868 686 3928 sicli
707 3878 751 3929 dic
770 3880 860 3945 starke
881 3883 1013 3948 Hyperbet
1034 3893 1061 3941 iu
1080 3888 1174 3947 mesen
1190 3899 1310 3956 werten.

48 3975 83 3982 -
102 3942 222 3993 libert.
260 3946 345 4007 vergi.
364 3947 391 3993 C.
412 3940 436 4005 3,
456 3940 495 4004 ⁶25,
518 3940 542 3992 5.

119 4033 265 4098 9,17,‘23.
299 4034 855 4152 Aepuaretqae.l'.:etaequaret.7-
890 4002 1036 4105 9,.117ῼρζ,Ι
1058 4049 1313 4118 Αρρωὺαω

48 4101 200 4236 gppgrzetbat.
222 4108 247 4153 S.
266 4119 299 4153 zu
312 4102 334 4165 7,
364 4100 389 4162 3,
404 4102 429 4152 3.
449 4130 478 4138 —
502 4100 589 4151 baad
608 4102 764 4153 tradatur
784 4119 837 4159 ron
856 4111 883 4159 Z.
902 4126 964 4171 zum
985 4116 1057 4168 Tboil
1077 4121 1147 4205 naob
1164 4123 1240 4188 Gonj,
1258 4141 1311 4177 zu.

120 4259 146 4322 9,
169 4261 208 4326 18,
227 4260 267 4311 27.
295 4259 514 4322 Admonebat,
535 4262 652 4322 absolut,
670 4264 722 4312 wie
740 4279 841 4314 ercam
855 4267 943 4334 btrifig
959 4272 1202 4337 gebraucbt··rrlrd.
1232 4285 1259 4334 S.
1277 4298 1311 4336 zu

47 4330 74 4388 5,
94 4328 136 4392 35,
156 4330 179 4381 1,
199 4352 227 4366 a-
257 4329 495 4378 comrnitteret.
527 4329 553 4379 S.
573 4331 629 4378 Liv.
647 4326 688 4392 44,
707 4327 731 4391 l,
751 4330 800 4382 11:
828 4337 926 4401 eprepie
953 4340 1169 4396 adaltimame'n
1188 4350 1313 4402 audacter

49 4399 224 4459 coraruissa
240 4397 420 4464 perseveravit.
458 4397 497 4447 lb.
516 4395 558 4457 ui,
577 4394 620 4457 ll),
643 4397 687 4447 ll:
713 4400 752 4451 ita
770 4401 884 4463 forsitan
909 4405 1000 4470 dectiit,
1025 4428 1083 4462 aaut
1105 4415 1236 4477 foederum
1259 4437 1312 4469 m.

47 4474 125 4533 ptcre
143 4460 208 4516 duce
222 4482 255 4514 ac
272 4463 367 4531 populo
388 4465 446 4513 deae
464 4465 540 4532 ipsos,
566 4464 621 4514 siae
637 4465 694 4515 aella
711 4466 822 4518 buinaria
845 4486 901 4536 ape,
928 4479 1156 4533 committere.
1168 4501 1203 4535 aa
1215 4489 1310 4553 profli-

46 4551 114 4600 pare
134 4533 238 4584 bellam:
263 4549 316 4593 nos,
334 4532 379 4600 qai
397 4531 532 4582 secundum
549 4530 608 4582 deos
631 4532 724 4583 violati
740 4551 834 4598 mmsis,
860 4543 1065 4597 cometissam
1090 4554 1311 4620 ae-protipateem

49 4603 184 4667 conficere,
210 4629 238 4638 -
260 4598 284 4663 9,
308 4600 347 4664 18,
366 4599 408 4652 98,
444 4598 709 4668 Demophontem.
728 4603 768 4654 F.:
789 4603 1000 4677 Derrioplmcata„

1046 4685 1110 4746 cc*
1148 4664 1151 4669 '
