2820 4964
246 158 332 250 vsu.
356 181 474 248 xxiv,
494 186 600 247 2-7.
624 182 728 248 xxv.
750 185 880 246 o-ss.
902 183 1019 248 xxvi
1049 187 1149 249 1-7.
1261 184 1326 249 2⁷3

54 351 232 414 insontibus
249 353 442 413 moriendum
465 359 511 412 est
531 359 598 426 aut,
619 352 701 430 quod
721 354 841 412 trisu'm
860 359 958 412 morte
978 360 1030 426 est,
1056 355 1093 412 ln
1116 354 1261 413 seruitute
1279 355 1324 439 oi-

54 451 216 512 nendum?
245 447 269 489 ¹⁵
281 453 332 510 Tu
352 450 483 528 quidem,
504 451 533 509 si
551 449 713 510 emendari
727 457 819 528 potes,
837 449 971 508 multum
989 448 1068 508 mili
1086 448 1177 510 sleies.
1208 452 1258 509 Ec
1275 469 1323 510 me

54 549 142 608 enim
164 549 242 606 scire
263 548 395 624 coepisti,
422 546 499 623 quid
523 548 656 625 ingenui
674 546 810 606 homiues
833 544 926 617 ferre
947 563 1011 604 non
1037 547 1164 623 possint.
1208 546 1255 604 De
1275 565 1322 606 ce-

57 651 123 705 tero
140 663 245 723 parce,
269 662 398 720 quorum
418 641 523 702 orbam
540 650 721 703 senectutem
734 642 892 720 suppliciis
911 660 950 698 ne
969 642 1162 700 arseraueriss
1180 660 1236 700 nos
1253 640 1323 701 iube

56 741 140 814 duci,
161 746 208 812 ut,
229 739 312 817 quod
327 759 366 798 ec
385 747 442 799 tua
462 746 559 799 morte
573 740 769 817 pets'eramus,
788 754 1009 815 consequamur
1029 756 1069 795 ea
1092 743 1208 799 nostru.
1239 739 1321 798 Haec

56 836 248 897 Hermolaus.

142 931 262 991 XXVI.
303 928 421 992 V¹¹¹2¹At
441 950 510 991 rex:
543 932 643 1000 Qscam
653 929 750 1010 falsa
768 931 839 1006 sint,
860 930 963 1010 inquit,
986 948 1064 1009 quoe
1080 932 1137 991 iste
1157 932 1276 993 tradita
1300 955 1322 995 a

57 1031 210 1108 magistro
230 1047 286 1087 suo
309 1027 397 1103 discit,
414 1028 571 1107 patientia
589 1046 657 1086 mea
678 1027 815 1087 ostendit.
852 1021 1055 1106 ²Confismm
1074 1029 1157 1087 enim
1175 1030 1322 1090 ultimum

48 1125 197 1205 facinus,
220 1131 324 1183 tomen
342 1142 407 1183 non
427 1125 526 1184 solum
548 1121 683 1205 [audiui
701 1121 754 1181 sed
769 1120 824 1204 ut]
844 1123 905 1200 ipsi
921 1123 1079 1199 audiretis,
1098 1127 1240 1202 expressi,
1258 1145 1323 1189 non

58 1220 245 1299 imprudens,
277 1240 371 1298 quum
387 1223 587 1298 permisissem
610 1221 731 1280 mironi
752 1218 825 1278 huic
846 1219 952 1294 dicere,
978 1239 1109 1280 usurum
1135 1241 1207 1281 cam
1230 1221 1323 1299 rabie,

58 1336 122 1395 qua
139 1319 311 1395 compulsus
332 1323 383 1390 est,
405 1322 443 1375 ut
462 1335 517 1390 me,
538 1337 627 1394 quem
643 1317 787 1394 parentis
807 1316 872 1374 loco
894 1316 991 1375 colere
1012 1315 1137 1391 deberet,
1162 1320 1254 1379 uellet
1273 1339 1323 1380 oc.

59 1414 166 1476 cidere.
211 1408 340 1490 3Nuper
361 1431 456 1488 quum
474 1413 638 1490 procacius
659 1431 689 1469 se
709 1414 744 1471 in
764 1412 926 1471 uenatione
943 1412 1087 1487 gessisset,
1117 1432 1202 1472 more
1214 1417 1323 1491 patria

58 1519 91 1571 et
107 1510 144 1570 ab
173 1510 394 1588 antiquissimis
412 1508 618 1568 Macedoniae
643 1526 751 1585 regum
775 1512 932 1583 usurpato,
963 1508 1116 1585 castigari
1139 1527 1209 1568 eum
1238 1511 1322 1572 iussi.

59 1610 127 1668 Hoc
145 1615 177 1668 et
193 1605 398 1685 oportetfieri
417 1610 454 1678 et,
476 1611 514 1663 ut
535 1626 555 1665 a
577 1601 729 1663 tutoribus
745 1602 873 1680 pupilli,
898 1621 919 1661 u
940 1603 1063 1662 mantis
1085 1624 1205 1678 uxores,
1229 1608 1323 1666 seruis

59 1723 176 1784 quoque
190 1721 303 1781 pueros
321 1701 413 1760 huius
433 1702 545 1760 aetatis
568 1697 727 1760 uerberare
751 1699 950 1758 concedimus.
994 1690 1104 1761 ⁴Haec
1127 1708 1173 1760 est
1193 1704 1322 1762 saeuitia

59 1802 94 1859 in
117 1803 216 1878 ipsum
238 1819 314 1873 mea,
346 1817 439 1877 quam
458 1798 556 1874 impio
580 1796 669 1856 caede
687 1797 786 1855 uoluit
805 1795 922 1855 ulcisci.
960 1795 1041 1855 Νιινη
1064 1799 1100 1856 in
1120 1805 1239 1874 ceteros,
1268 1801 1325 1876 qui

11 1964 19 1975 ,
59 1896 139 1956 mihi
158 1898 348 1974 permittunt
376 1896 428 1953 uti
445 1895 571 1972 iugenio
591 1913 666 1969 meo,
695 1911 788 1969 quam
813 1893 897 1952 mits's
924 1892 991 1967 sim,
1017 1910 1082 1953 non
1106 1895 1268 1972 ignoratis,
1292 1904 1324 1956 ct

58 2012 294 2052 commemorare
320 2010 542 2069 superuacuum
573 1997 624 2050 est.
678 1984 865 2048 ⁵Hermolao
894 1989 1132 2065 parricidarum
1169 1994 1322 2070 supplicia

59 2108 123 2148 non
135 2088 272 2165 probari,
294 2107 388 2164 quum
408 2087 510 2145 eadem
523 2089 586 2162 ipse
604 2087 762 2157 meruerit,
781 2087 908 2143 minime
925 2085 1048 2146 hercule
1061 2087 1209 2149 admiror.
1238 2090 1321 2150 Num

57 2204 155 2262 quum
176 2184 411 2241 Parmenionem
432 2188 465 2240 ct
486 2181 641 2263 Philotam
661 2179 780 2252 laudat,
807 2198 881 2238 suae
902 2183 997 2241 seruit
1014 2201 1133 2245 causae.
1179 2180 1321 2264 ⁶L3m00.

57 2288 125 2338 sten
146 2296 215 2335 uero
243 2275 455 2334 Alecundrum
477 2273 522 2332 lis
546 2275 728 2334 insidiatum
758 2277 857 2351 capiti
882 2293 948 2335 meo
974 2297 995 2336 o
1027 2277 1143 2340 duabus
1169 2281 1322 2343 indicibus

58 2373 198 2445 liberum,
225 2391 333 2430 rursus
355 2373 528 2430 conuictam
546 2390 604 2448 per
626 2370 782 2429 biennium
803 2378 906 2429 tumen
929 2371 1045 2448 distuli,
1076 2375 1170 2436 donec
1190 2396 1242 2436 uos
1264 2398 1321 2456 po-

58 2470 226 2540 stularetis,
253 2476 291 2527 ut
311 2467 434 2528 tandem
462 2464 559 2525 debito
588 2467 738 2544 supplicio
761 2467 858 2526 scelus
882 2467 987 2527 lueret.
1033 2463 1203 2547 ⁷Attolum,
1234 2482 1321 2534 antc-

59 2585 152 2643 quam
172 2585 229 2623 rea
250 2585 348 2640 essem,
376 2565 488 2624 lsostem
508 2582 573 2622 meo
593 2564 693 2640 capiti
702 2561 810 2641 fuisse
836 2564 1025 2627 meministis.
1072 2564 1170 2628 Clitus
1196 2572 1321 2631 utinum

59 2681 122 2720 non
141 2663 281 2738 coegisset
297 2682 345 2720 me
364 2659 423 2720 sibi
442 2662 557 2720 irasci!
597 2659 692 2722 Cusus
708 2661 903 2719 temerariam
924 2660 1065 2738 linguam
1081 2662 1198 2738 probra
1218 2667 1321 2727 dicen.

59 2761 100 2817 tis
122 2758 201 2816 miii
222 2765 253 2817 et
276 2756 356 2818 cobis
377 2758 494 2818 diutius
515 2757 583 2832 tuli,
615 2775 708 2834 quum
735 2755 789 2816 illc
813 2755 916 2818 eudem
944 2776 993 2817 me
1019 2757 1166 2820 dc'centem
1194 2762 1319 2828 tulisset.

56 2991 177 3057 possin
187 2998 201 3040 t.
223 2992 264 3040 F.:
283 2989 390 3055 quod-
398 2999 513 3057 possunt.
525 3019 556 3027 -
572 2989 594 3052 8,
614 2989 654 3052 95,
676 2989 716 3040 15.
736 2989 859 3053 Parce,
882 3008 1025 3058 quorum.
1045 2994 1137 3058 Einige
1155 2995 1318 3047 Handschs.:
1399 3013 1405 3028 ‘

56 3059 204 3125 parcetis,
227 3075 339 3123 quorum.
378 3060 483 3109 Andere
502 3062 677 3110 wermuthen:
705 3075 787 3125 parce
804 3059 960 3125 parentibus,
986 3077 1100 3128 quorum,
1119 3064 1185 3113 oder
1199 3077 1250 3114 nur
1266 3080 1320 3132 po-

58 3134 158 3175 rentum
178 3126 265 3175 ortam
284 3143 302 3175 s.
324 3143 342 3176 s.
364 3141 396 3174 ne
415 3143 446 3189 o.,
474 3129 589 3177 welches
610 3129 672 3177 dem
690 3127 897 3178 erfordewiehen
917 3131 1059 3180 Gedanken
1075 3145 1117 3180 am
1136 3131 1267 3182 nichsten
1287 3147 1319 3183 zu

59 3196 314 3247 kommenscheint.
348 3195 433 3257 Vergl.
453 3191 539 3255 Quo,
561 3192 599 3245 18.
619 3222 648 3232 —
680 3194 764 3248 duci.
800 3194 899 3245 Ducere
924 3200 975 3248 wie
1000 3196 1104 3250 craten
1127 3201 1195 3249 wird
1218 3201 1245 3250 in
1271 3202 1320 3251 des

57 3262 246 3324 gerichtlichen
266 3263 384 3324 sprec-he
400 3264 454 3312 und
472 3265 498 3312 in
518 3264 566 3312 des·
583 3265 756 3319 verwandten
775 3263 878 3326 sphira
898 3265 947 3316 des
964 3266 1119 3317 Ausdrucks
1144 3267 1250 3318 absolut
1267 3283 1320 3332 go-

58 3330 182 3388 lwaucht,
209 3344 252 3378 wo
273 3331 321 3379 der
339 3332 569 3394 Zusammenhang
589 3332 631 3380 die
648 3332 796 3395 Beziehung
814 3330 843 3380 in
857 3332 904 3394 ius,
928 3333 956 3382 in
975 3331 1088 3394 nacula,
1113 3331 1149 3384 a'o
1166 3333 1319 3402 supplicium

58 3413 84 3446 u.
106 3411 129 3448 a.
150 3397 265 3458 angiebt.

126 3484 210 3548 wo,
232 3487 253 3536 1.
288 3487 459 3536 Ostendit.
487 3488 528 3538 R:
554 3489 675 3538 ostendet.
704 3489 901 3540 Entsoheidend
918 3492 953 3542 ist
973 3492 1021 3542 dos
1041 3491 1163 3555 folgende
1182 3492 1256 3543 enias.
1285 3494 1321 3544 Es

57 3555 149 3604 beruit
165 3558 222 3604 sich
242 3557 315 3606 nicht
336 3557 385 3604 aus
401 3556 444 3605 die
461 3557 554 3619 subige
574 3559 729 3620 Stimmung,
759 3557 803 3606 dio
823 3571 853 3606 er
871 3559 897 3608 in
916 3560 1006 3609 seinos
1024 3561 1320 3627 Auseinondorsetzung

57 3622 194 3672 beweisen
214 3626 311 3684 werde,
339 3624 457 3674 sondern
480 3625 528 3674 oui
544 3626 587 3674 die
605 3625 760 3688 Longmulh,
789 3625 833 3675 dio
850 3639 881 3674 er
904 3625 1005 3676 heretis
1023 3627 1168 3690 ourgeshan
1189 3629 1266 3680 habe.
1287 3657 1317 3667 -

55 3688 82 3749 8,
101 3687 144 3746 96,
163 3688 188 3737 2.
220 3689 363 3749 Audivi,
390 3690 448 3739 sed
471 3699 514 3740 sss.
554 3694 632 3743 Diese
649 3693 742 3742 Worte
762 3693 823 3742 sind
846 3706 899 3741 von
920 3695 945 3743 Z.
972 3694 1041 3744 noch
1062 3696 1138 3746 oinos
1155 3697 1319 3760 glucklichen

57 3760 201 3820 conjectus
218 3759 414 3822 eingeschottet.
450 3759 498 3808 Die
517 3762 592 3822 Conj.
611 3761 677 3810 losst
693 3760 827 3809 vielleicht
845 3761 914 3809 noch
934 3762 978 3811 die
995 3763 1187 3826 versndesung
1205 3779 1252 3814 zu:
1274 3771 1318 3814 tu-

56 3841 113 3872 men
128 3841 179 3872 non
196 3824 278 3875 solum
294 3827 368 3893 ipse
387 3824 518 3885 audini,
540 3826 585 3875 sed
604 3834 633 3876 ut
653 3842 710 3874 vos
729 3826 901 3876 audiretis
919 3828 1041 3895 inpressi.
1056 3856 1086 3866 -
1106 3845 1172 3879 sson
1190 3832 1319 3898 impru-

56 3893 139 3941 dens
158 3894 207 3941 mit
224 3894 283 3956 lolg.
304 3895 390 3953 Infin.;
409 3907 430 3944 s.
452 3891 475 3950 7,
497 3892 519 3951 1,
538 3890 562 3943 4.
585 3921 613 3931 -
642 3892 793 3943 deleret.
814 3894 856 3944 R:
876 3893 955 3946 debet.
987 3897 1041 3946 Dor
1057 3898 1183 3948 Godanke
1200 3899 1236 3950 ist
1251 3914 1319 3964 ganz

56 3962 83 4009 in
104 3962 147 4010 die
168 3962 337 4024 Vorstellung
357 3961 527 4011 verssoohten.

123 4048 147 4112 8,
167 4048 208 4112 96,
226 4049 249 4100 3.
276 4051 404 4117 llepum.
425 4052 466 4100 F.:
481 4050 588 4117 sepibus.
621 4051 648 4100 C.
665 4050 774 4100 wendet
791 4051 834 4103 die
853 4053 979 4115 partitive
990 4052 1181 4107 construction
1199 4058 1247 4109 des
1260 4061 1317 4111 Ge-

56 4120 206 4168 nitivssmit
223 4119 346 4175 Vos-liobe
365 4133 412 4180 θη,
434 4134 464 4169 so
481 4119 525 4169 bei
544 4119 730 4181 Supeslotiven
750 4131 772 4175 z,
793 4119 820 4168 B.
841 4117 866 4179 7,
886 4117 927 4181 38,
947 4116 986 4172 18.
1006 4120 1046 4180 10,
1062 4119 1105 4183 24,
1124 4120 1165 4174 a).
1195 4125 1244 4177 Bes
1259 4127 1318 4177 eai-

54 4186 127 4237 mius,
146 4183 169 4246 8,
191 4184 231 4248 30,
250 4186 272 4237 5.
310 4188 353 4237 Bei
372 4188 538 4237 Zahlwosten
560 4201 581 4236 z.
598 4187 624 4234 B.
645 4184 668 4246 5,
687 4182 711 4245 6,
729 4181 769 4234 43,
785 4182 812 4248 6,
834 4183 876 4246 19,
895 4184 935 4237 26.
960 4186 1058 4249 10,18.
1091 4192 1137 4241 Bes
1151 4193 1231 4259 pauci
1249 4209 1269 4244 z.
1288 4196 1317 4246 B.

53 4253 78 4303 5.
99 4251 140 4315 37,
161 4251 199 4304 18.
222 4253 260 4317 10,
282 4253 323 4315 95,
342 4252 366 4304 i.
389 4282 417 4290 -
448 4255 572 4315 servis,
602 4255 626 4302 in
648 4267 678 4304 so
699 4253 756 4303 sern
776 4255 816 4303 sie
832 4268 880 4304 zur
896 4254 1045 4320 Erziehung
1069 4259 1125 4308 und
1142 4261 1252 4325 Leitung
1269 4263 1319 4313 dor

55 4322 154 4371 Kinder
178 4325 327 4385 gebraucht
349 4323 468 4373 worden.
509 4321 668 4373 Ueberdiess
684 4321 721 4372 ist
743 4321 787 4371 dio
811 4323 913 4375 settene
930 4323 1124 4389 versinderung
1147 4329 1196 4382 der
1214 4331 1317 4387 Consti.

54 4405 86 4439 zu
106 4389 247 4442 beachten.

123 4479 147 4540 8,
165 4477 207 4541 26,
227 4477 252 4530 6.
273 4479 469 4546 Lyncestem
489 4482 513 4531 S.
533 4495 565 4530 zu
583 4475 754 4542 7,1,5.6.-
773 4476 849 4541 esti,
865 4477 888 4530 7.
910 4479 1071 4534 Attalum.
1092 4486 1118 4538 S.
1134 4500 1167 4536 zu
1184 4483 1262 4551 6,34,
1275 4485 1317 4538 17.

56 4576 84 4589 ν-
105 4548 236 4598 setinum
255 4564 319 4600 non
339 4551 435 4600 dsssckt
454 4550 505 4599 den
521 4549 646 4610 Wunsch,
670 4549 734 4598 dass
754 4551 838 4597 etwas
857 4549 931 4598 nicht
950 4553 1100 4612 gesohchen
1119 4555 1186 4604 odes
1200 4557 1319 4618 gesche-

55 4618 105 4667 hen
124 4619 183 4669 sein
201 4619 315 4678 melchio,
333 4619 383 4668 viel
400 4618 529 4682 krooiger
543 4630 599 4679 aas,
619 4615 773 4668 assurim
790 4631 831 4675 ne,
847 4616 873 4667 iu
890 4630 921 4668 so
942 4618 999 4669 torn
1017 4621 1067 4671 des
1083 4622 1182 4686 Bsgriff
1199 4625 1249 4676 des
1262 4625 1320 4675 No-

1078 4690 1117 4754 18
