2820 4964
108 159 171 226 ma
577 166 617 246 o.
640 165 780 229 cunru
802 165 898 229 nun

107 339 264 413 smpectos.
306 332 451 413 Cogitate,
481 337 634 396 neminem
657 335 774 397 absolvi
787 355 882 414 posse,
911 336 976 395 nisi
1000 338 1056 414 qni
1089 333 1205 396 dixerit
1234 357 1372 399 cansam.

108 425 135 469 ¹⁰
151 432 211 506 Tu,
235 430 381 510 Amynta,
414 432 535 509 ignosce
554 432 667 511 fratri
692 440 753 495 tuo.
790 434 864 493 Erit
888 431 945 493 doc
971 432 1150 511 simpliciter
1175 433 1270 493 etiam
1295 434 1376 495 rna'ds'

107 528 301 588 reconciliati
318 527 421 586 animi
436 528 486 587 tni
498 530 626 607 pignos.

191 625 255 686 Vll
291 618 477 685 ¹¹Concione
500 625 607 687 deinde
629 626 758 700 dimissa,
784 626 1000 705 Polydamanta
1021 626 1124 687 vocari
1143 625 1235 687 iubet.
1267 629 1373 706 Longe

107 721 333 800 acoeptissimus
361 721 551 783 Parmenioni
580 729 652 798 erat,
687 722 842 801 proximus
871 722 959 785 lateri
987 723 1018 784 iu
1046 722 1111 785 acio
1140 728 1221 783 stare
1252 723 1370 787 solitus.

106 811 132 855 ¹²
142 819 181 878 Et
200 836 377 900 quamquam
402 817 585 880 conscientia
610 820 706 880 fretus
729 820 758 880 in
782 818 895 898 regiam
919 828 1049 896 venerat,
1077 827 1187 895 tamen,
1211 826 1247 881 ut
1272 821 1372 883 iussus

108 919 154 974 est
175 916 282 977 fratres
303 933 376 976 suos
400 915 549 991 exhibere,
571 916 732 977 admodum
749 917 872 978 invenes
893 923 923 977 et
943 916 1007 995 regi
1027 917 1149 996 ignotos
1171 916 1212 977 ob
1234 923 1369 992 aetatem,

107 1010 217 1072 fiducia
245 1013 275 1071 in
303 1009 535 1072 sollicitudinem
563 1032 659 1089 versa,
689 1014 839 1093 trepidare
865 1014 976 1093 coepit,
1007 1015 1127 1094 saepius
1154 1033 1234 1094 quae
1259 1032 1369 1075 nocere

106 1114 240 1185 possent,
263 1126 352 1187 qnam
376 1108 485 1188 quihus
506 1109 651 1186 eluderet,
673 1116 825 1189 reputans.
860 1105 953 1171 ¹³lam
975 1110 1125 1190 armigeri,
1145 1110 1257 1190 quibus
1278 1110 1369 1190 impe-

106 1208 203 1263 ratum
225 1212 297 1279 erat,
318 1205 524 1282 produxerant
546 1225 608 1281 eos
642 1227 733 1287 quum
754 1227 936 1289 exsanguem
962 1215 1044 1269 metu
1064 1206 1283 1286 Polydamanta
1300 1227 1369 1287 pro

106 1297 175 1376 pius
197 1300 342 1361 accedere
362 1301 457 1363 iubet:
480 1302 687 1384 submotisque
706 1305 853 1382 omnibus,
876 1306 1001 1380 Scelere
1024 1304 1130 1386 inquit,
1152 1305 1369 1367 Parmenioni

106 1413 207 1455 omnes
221 1398 345 1474 pariter
364 1402 496 1477 appetiti
514 1419 627 1476 snmus,
647 1403 783 1461 mocime
803 1421 858 1480 ego
879 1422 917 1462 ac
938 1408 982 1478 tu,
1005 1421 1079 1481 qnos
1099 1402 1258 1463 amicitiae
1277 1402 1368 1479 specio

95 1489 232 1571 sifellit.
265 1486 347 1555 ¹4Ad
366 1516 453 1574 qoem
465 1497 707 1575 persequendam
726 1499 980 1577 ponendumque
998 1499 1091 1574 (esde,
1123 1504 1280 1579 masam
1297 1497 1369 1571 fidei

106 1594 178 1647 tuae
195 1589 335 1669 credam)
359 1599 388 1652 tc
408 1595 550 1653 ministro
571 1595 622 1653 nti
639 1596 745 1654 statui.
787 1593 920 1672 Obsides,
947 1596 1021 1656 dnm
1041 1596 1098 1656 hoc
1112 1596 1252 1675 peragat,
1278 1600 1369 1654 erant

95 1685 224 1762 fratres
244 1689 299 1749 tui.
338 1683 568 1770 ¹⁵Proficiscere
587 1692 622 1750 in
644 1691 794 1766 Mediam,
820 1699 851 1752 et
870 1693 914 1753 od
933 1692 1111 1772 praefectos
1140 1711 1220 1753 meos
1248 1692 1367 1751 litteras

105 1784 235 1860 scriptas
248 1803 347 1846 mann
363 1807 431 1847 mea
445 1786 564 1866 perfer.
608 1789 770 1850 Velocitate
790 1807 866 1866 opus
889 1796 947 1867 est,
968 1809 1031 1868 qno
1050 1790 1237 1871 celaitptem
1252 1788 1367 1867 famae

105 1880 274 1941 antecedas.
301 1881 402 1943 Noeta
407 1885 570 1961 pervenire
582 1885 659 1945 illoc
671 1891 700 1944 te
716 1885 791 1959 volo,
809 1893 931 1962 postero
953 1887 1009 1963 dte,
1032 1905 1109 1964 quoe
1127 1885 1247 1963 scripta
1268 1891 1366 1959 mant,

104 1979 219 2056 exequi.
253 1973 336 2038 ¹⁶Ad
360 1980 595 2040 Parmenionem
615 2001 731 2060 qnoque
752 1981 894 2059 epistolas
904 1981 1005 2062 feres,
1032 2002 1130 2043 unam
1158 2001 1180 2041 n
1204 2001 1263 2058 me,
1294 1982 1363 2043 alte

105 2093 174 2133 rom
196 2074 336 2135 Philotae
356 2077 480 2136 nomine
498 2080 653 2157 scriptam.
696 2078 830 2156 Sr'gnnm
861 2080 956 2139 annli
980 2082 1046 2139 cios
1071 2082 1107 2140 in
1129 2098 1199 2138 mea
1218 2085 1366 2157 potestate

104 2178 156 2231 est.
195 2171 235 2230 Si
247 2177 342 2249 pater
361 2172 462 2233 credet
482 2176 586 2254 ofilio
604 2176 794 2253 impressam,
814 2195 910 2254 qnam
926 2183 955 2236 tc
976 2177 1096 2251 viderit,
1117 2175 1201 2235 nodet
1218 2182 1341 2237 metuet.

191 2269 268 2329 Vlll.
312 2262 532 2347 ¹⁷Polydamas,
560 2277 642 2332 tanto
669 2270 814 2332 liberatus
839 2278 930 2348 metu,
958 2271 1123 2352 impensius
1150 2271 1251 2347 etiam,
1281 2293 1365 2353 quarn

105 2365 289 2446 exigebatur,
323 2366 470 2444 promittit
496 2387 629 2446 operam.
685 2366 943 2450 Collaudatusque
973 2375 1004 2430 et
1030 2367 1188 2448 promissis
1215 2377 1364 2445 oneratus,

105 2462 243 2542 deposita
260 2468 352 2538 veste,
373 2483 461 2544 quam
480 2463 616 2539 habebat,
640 2463 760 2523 arabica
781 2463 923 2527 induitur.
957 2459 1063 2527 18Duo
1080 2465 1208 2540 Arabae,
1239 2487 1365 2547 quorum

105 2560 222 2621 interim
246 2559 389 2640 coniuges
418 2580 454 2621 ac
473 2560 569 2636 liberi,
595 2559 750 2621 vinculum
775 2562 853 2637 fidei,
881 2560 1004 2622 obsides
1032 2562 1114 2640 apud
1142 2580 1246 2640 rogem
1274 2571 1364 2637 erant,

105 2657 166 2717 dati
196 2657 328 2717 comites
372 2659 431 2717 Per
449 2657 568 2718 deserta
590 2657 678 2718 etiam
699 2658 740 2718 ob
767 2658 934 2719 siccitatem
959 2657 1029 2719 loca
1056 2657 1179 2720 camelis
1209 2659 1364 2721 undecima

105 2755 162 2831 die,
183 2774 244 2835 quo
267 2753 473 2830 destinaverat,
496 2754 683 2833 perveniunt.
716 2749 788 2814 ¹⁹nt
804 2755 979 2836 priusquam
1000 2753 1095 2833 ipsius
1116 2755 1307 2819 nuntiaretur
1317 2756 1363 2817 ad

103 2857 219 2926 ventus,
243 2870 350 2912 rursus
372 2852 552 2931 Polydamas
573 2857 686 2911 vestem
709 2851 933 2912 macedonicam
953 2851 1052 2927 sirmii,
1081 2851 1166 2912 etin
1190 2853 1363 2915 tabernaon

104 2947 166 3010 lum
186 2948 328 3010 Cleandri
351 2949 490 3027 (praetor
511 2949 559 3009 hic
584 2946 687 3026 regius
709 2947 787 3026 erat)
810 2954 916 3028 quarta
942 2947 1042 3026 vigilia
1063 2948 1208 3027 pervenit.
1252 2945 1364 3011 2⁰ned-

172 3113 194 3174 7,
217 3111 301 3174 6,10.
338 3113 563 3180 Simpliciter.
602 3115 686 3177 vergi.
708 3115 777 3165 Coel.
808 3113 850 3164 bel
873 3114 926 3164 Cic.
955 3116 989 3166 ad
1007 3115 1067 3165 fam.
1086 3088 1153 3177 8,16,
1175 3113 1203 3164 1:
1229 3117 1363 3166 caocrtdum

106 3180 263 3241 tilierit,ne
278 3196 371 3246 parom
392 3180 610 3248 simpliciter
631 3189 660 3230 et
680 3180 822 3230 candide
840 3182 998 3248 posuisse
1019 3182 1228 3232 inimicitias
1246 3185 1362 3234 ridearis.

172 3266 195 3333 7,
216 3268 239 3334 7,
262 3270 300 3323 11.
337 3270 589 3338 Polydamanta.
625 3273 711 3336 Vergl.
733 3268 755 3335 li,
777 3269 818 3336 56,
837 3271 910 3324 6.-
933 3272 956 3338 7,
977 3272 1004 3335 7,
1025 3272 1064 3325 1⁸2.
1087 3273 1268 3329 Eetilerc.
1292 3280 1319 3326 S.
1334 3292 1362 3326 zu

104 3338 127 3402 7,
152 3337 173 3401 1,
192 3338 216 3390 5.
238 3368 267 3378 -
292 3338 453 3392 eluderet.
490 3343 514 3391 S.
536 3343 588 3391 Cic.
604 3341 639 3391 de
656 3343 756 3405 optimo
773 3357 830 3406 gen.
850 3346 917 3392 orat.
939 3339 962 3407 6,
986 3341 1030 3392 17:
1058 3359 1109 3392 non
1125 3342 1153 3392 in
1171 3344 1229 3393 acie
1247 3352 1364 3394 versatur

104 3414 129 3457 ct
144 3409 216 3472 [erro
234 3410 393 3472 (Isocrates),
413 3409 459 3458 sed
473 3408 570 3475 qnasi
585 3407 724 3458 rudibus
742 3409 794 3459 cios
812 3408 926 3479 elndit
944 3410 1037 3460 oratio.
1055 3438 1082 3448 -
1113 3406 1141 3468 7,
1155 3408 1180 3472 7,
1199 3410 1240 3461 15.
1269 3411 1363 3462 Velo-

104 3477 227 3528 citate.
257 3477 381 3527 Celeriter
400 3479 499 3529 isidor
516 3477 746 3542 Gattungsbegrill,
766 3478 892 3528 wibrend
909 3476 1032 3528 velocitas
1053 3479 1112 3530 cine
1124 3480 1236 3543 Species
1256 3481 1364 3532 beden-

106 3548 150 3596 tet.
188 3546 276 3596 Daher
299 3549 398 3597 konnto
418 3548 478 3597 Plin.
499 3548 529 3596 N.
548 3547 577 3597 H.
600 3545 638 3608 10,
658 3543 698 3609 tt,
719 3544 751 3596 35
772 3560 868 3609 stigen:
886 3544 1018 3597 volucrum
1037 3545 1087 3596 soli
1105 3546 1239 3597 hirundini
1256 3548 1364 3612 lternosi

85 3611 204 3662 ¹calcatus
230 3612 329 3662 oeloa
355 3614 526 3666 celeritas.
563 3615 597 3665 Es
620 3614 749 3665 bedentet
774 3613 896 3663 velocitas
925 3615 968 3666 die
986 3616 1172 3681 Schnelliglett
1195 3614 1246 3667 der
1265 3618 1364 3668 Bewe-

104 3695 181 3744 gang,
208 3682 234 3730 in
254 3696 284 3731 so
303 3683 360 3732 tern
384 3685 424 3733 sie
444 3685 480 3734 im
505 3685 642 3734 innersten
661 3683 760 3734 Wesen
787 3683 835 3733 des
851 3683 1035 3733 ludividuums
1061 3685 1102 3743 (so
1128 3682 1201 3734 heim
1220 3684 1364 3737 Menschen

103 3751 140 3798 im
159 3750 258 3811 Geiste)
277 3749 426 3814 hegrtindot
444 3753 492 3802 ist:
512 3752 594 3802 daher
611 3751 680 3800 wird
699 3763 728 3801 as
751 3752 819 3800 auch
838 3751 988 3802 basonders
1009 3764 1061 3800 von
1079 3751 1232 3813 llenschen,
1251 3754 1365 3805 Thieren

104 3818 159 3868 und
176 3818 263 3878 (rosch
288 3819 475 3885 wachsenden,
501 3822 578 3870 einen
606 3819 715 3869 starken
731 3818 810 3868 Triab
837 3819 1036 3881 beweisenden)
1056 3819 1179 3870 Pilanzen
1205 3819 1364 3883 gebraucht.

103 3888 150 3936 Die
172 3884 291 3936 celeritas
315 3890 388 3937 eines
404 3888 547 3938 Menschen
571 3889 641 3938 kann
664 3888 733 3936 auch
763 3888 863 3937 andere
891 3887 1024 3938 Ursachan
1049 3887 1146 3950 haben,
1175 3887 1220 3938 die
1241 3887 1365 3939 acladius

103 3955 164 4018 geht
185 3955 309 4005 eusdem
329 3956 439 4006 inneren
459 3955 553 4006 Triebe
573 3957 680 4006 hervor.
715 3956 803 4004 Dahcr
823 3956 875 4004 Cic.
897 3955 930 4004 de
949 3968 1005 4005 son.
1022 3951 1046 4016 6,
1069 3952 1118 4005 17:
1145 3970 1210 4003 non
1230 3956 1365 4006 viriles

103 4030 163 4071 ant
188 4021 438 4072 velocitatilaus
464 4031 520 4072 ant
546 4021 741 4073 celeritate
766 4038 946 4088 corporum
971 4039 1013 4072 res
1037 4031 1301 4140 mmmpmmm,
1324 4024 1367 4074 sed

104 4089 216 4153 consilio,
237 4091 399 4153 anctoritate,
419 4091 549 4143 sententia.
580 4118 608 4127 -
649 4088 675 4151 7,
698 4089 721 4153 7,
744 4088 784 4143 16.
808 4090 845 4139 Si
872 4096 973 4157 pater
1001 4089 1123 4141 credet.
1176 4106 1197 4141 .:
1224 4091 1264 4141 sic
1288 4100 1366 4161 pater

103 4159 215 4208 credens.

170 4248 235 4314 7,8‚
258 4248 296 4300 18.
333 4249 396 4298 Per
416 4250 555 4299 deserto
580 4247 741 4297 etiamad
766 4247 957 4298 siccitatem
980 4247 1062 4298 loca.
1100 4250 1366 4302 niesewmtena-

103 4321 211 4379 weison,
231 4319 294 4368 dass
311 4320 469 4382 Polydamas
489 4318 562 4368 nicht
580 4317 622 4367 die
639 4330 732 4380 grossa
752 4319 856 4368 Str-asse
874 4331 928 4367 von
941 4317 1059 4378 Meshed‚
1080 4318 1227 4381 Damghan,
1244 4319 1365 4370 Teheran

105 4388 172 4437 nach
188 4386 324 4436 Hamadan
340 4400 498 4449 genomman
514 4385 592 4447 haba,
618 4385 734 4435 sondern
761 4385 805 4435 dio
828 4387 941 4435 knrzere
967 4387 1062 4437 mitten
1089 4386 1174 4441 durch
1201 4387 1246 4437 dte
1270 4401 1365 4450 grossa

104 4455 257 4515 Salzwttsta,
273 4455 299 4502 in
317 4455 365 4505 dor
383 4456 454 4505 Yazd
471 4455 541 4517 liegt.

172 4541 195 4602 7,
215 4541 242 4602 a,
264 4542 301 4594 19.
340 4544 471 4605 naaria
495 4542 629 4609 vigilio.
671 4545 743 4592 uach
768 4546 917 4595 lunisano
933 4545 1108 4610 ntntneitung.
1133 4547 1161 4593 s.
1179 4560 1212 4595 zu
1232 4542 1258 4607 3,
1268 4526 1364 4609 nan

105 4611 164 4661 Wie
181 4610 238 4661 hier
256 4612 353 4662 darant
365 4612 451 4678 primo
472 4611 528 4662 lnce
543 4612 614 4676 iolgt,
637 4625 668 4662 so
685 4611 728 4663 bei
745 4614 799 4662 Ltv.
818 4611 842 4676 9,
859 4610 903 4676 37,
919 4610 950 4664 n:
975 4610 1067 4680 paullo
1091 4618 1152 4664 ants
1168 4611 1257 4665 lm
