2820 4964
72 160 135 226 118
535 159 575 239 Q.
607 156 747 220 CURTII
767 156 866 220 RUFI

75 349 145 392 cum
173 327 314 392 minima,
332 327 447 386 uirium
470 334 565 406 parte
592 348 663 389 cum
687 328 769 389 hoste
804 326 1008 388 tulerimus.-
1039 325 1075 386 in
1102 323 1214 390 011155
1241 327 1342 388 uictos

76 429 170 507 Syria
186 431 312 504 poterat
333 424 486 502 excipere:
504 444 622 504 magna
640 428 835 486 munimenta
853 424 946 503 regni
959 422 1066 502 tigris
1083 429 1175 501 aqna
1192 424 1344 502 Euphra-

78 530 236 584 leserunt.
281 515 302 558 ¹¹
316 522 444 582 Ventum
468 529 583 597 osteo,
612 522 693 583 ande
708 524 811 603 pulsis
836 542 875 582 ne
889 520 999 601 ferque
1027 519 1148 597 qudem
1174 521 1260 581 locus
1287 529 1341 584 est.

80 621 193 681 Omnia
207 626 272 678 tam
284 619 405 678 dimano
416 617 492 680 hello
504 618 654 679 exhausta
666 627 740 697 post
753 627 873 699 tergum
884 625 976 678 sunt:
990 634 1055 676 non
1064 616 1183 677 incolas
1192 634 1265 677 suos
1285 639 1342 677 ur-

78 717 133 793 bes,
155 735 219 776 non
240 717 370 776 cultores
389 714 502 776 hahent
522 723 630 777 terrae.
674 715 823 796 Coniuges
850 734 966 795 quoque
990 720 1023 774 et
1048 711 1138 773 liberi
1166 720 1343 794 sequuntur

78 814 160 874 hanc
180 815 285 888 acum,
297 819 417 890 parata
431 810 567 891 hostibus
581 812 711 891 praeda,
729 804 794 872 uisi
807 831 870 892 pro
884 811 1054 872 -carissinn’s
1064 809 1253 890 pc'gnom'hus
1273 831 1342 873 cor-

76 930 155 990 pora
173 911 359 989 opponimus.
388 905 413 947 ¹²
424 909 513 979 Quod
522 928 662 970 mearum
669 909 747 991 fuit
761 912 915 989 partium,
935 907 1115 981 exercitum,
1135 926 1225 985 quem
1238 927 1342 987 paene

78 1009 227 1067 immensa
243 1007 392 1085 planities
410 1009 465 1066 nir
484 1015 612 1087 caperet,
634 1008 827 1087 comparari:
848 1024 945 1084 eqieos,
968 1024 1059 1064 arma
1080 1002 1238 1065 ds'strihui:
1261 1025 1341 1066 com·

78 1111 210 1179 meatus,
230 1122 269 1162 ne
291 1109 398 1162 tantae
420 1103 619 1164 multitudini
638 1104 784 1178 deessent,
807 1102 951 1181 procidi:
979 1100 1096 1177 locum,
1123 1103 1160 1161 in
1180 1121 1241 1180 quo
1260 1105 1341 1164 actes

79 1200 232 1278 explicari
244 1206 351 1278 posset,
375 1201 460 1279 elegi.
502 1196 640 1263 ¹³Cetera
662 1202 698 1260 in
719 1208 821 1261 uestra
836 1206 987 1278 potestate
1007 1184 1099 1259 iant:
1120 1198 1232 1260 audete
1252 1201 1342 1262 modo

79 1297 207 1370 uincere,
209 1295 408 1377 famamque,
419 1297 665 1376 infirmissimum
678 1297 930 1377 aduersusfortes
940 1297 1137 1371 atros-telum,
1148 1300 1341 1361 contemnite.

31 1431 52 1503 q
162 1394 238 1455 LIV.
266 1394 436 1454 Temeritas
456 1400 512 1467 est,
538 1414 630 1472 quam
648 1394 751 1455 adhue
767 1414 828 1474 pro
847 1396 962 1454 m'rtute
989 1393 1151 1453 timuistis:
1181 1413 1262 1471 quae
1288 1393 1343 1455 uhi

76 1492 215 1569 primum
234 1491 382 1569 impetum
403 1489 519 1571 effudit
525 1539 532 1567 ,
559 1493 642 1552 uelut
664 1491 813 1571 quaedam
833 1490 987 1550 animalia
1007 1491 1113 1549 emisso
1133 1490 1260 1566 aculeo,
1280 1498 1342 1552 tor·

75 1594 137 1666 pet.
171 1581 197 1626 ¹¹
206 1588 253 1647 Hi
271 1606 341 1647 nero
363 1591 468 1667 carapi
486 1588 704 1666 deprehendere
716 1588 925 1667 paucitatem,
954 1605 1047 1665 quam
1070 1584 1197 1649 Ciliciae
1224 1595 1341 1648 montes

80 1654 308 1744 ahsihi'edirant.
359 1685 470 1745 Videtis
497 1685 617 1745 ordines
645 1705 749 1760 raros,
776 1704 894 1744 cornua
922 1690 1064 1759 extenta,
1089 1683 1223 1743 mediam
1244 1687 1342 1745 amem

79 1801 204 1855 uanam,
225 1780 432 1842 exhaustam?
446 1800 521 1842 narn
540 1783 653 1857 ultime}
675 1775 880 1860 quos‘locanit
899 1798 1032 1856 auersos,
1058 1786 1146 1857 terga
1166 1780 1231 1840 iam
1246 1799 1341 1859 prae-

81 1876 158 1939 bent.
205 1875 309 1938 Ohteri
326 1877 495 1940 mehercule
514 1897 660 1956 equorum
685 1878 814 1956 ungulis
826 1883 972 1955 possuat,
1001 1876 1124 1937 etiamsi
1144 1877 1195 1937 nil
1211 1885 1342 1955 practer

80 1975 337 2047 falcatoscnrrus
354 1977 487 2037 emisero.
516 1970 540 2013 ¹⁵
548 1978 591 2036 Et
609 1973 684 2035 hello
703 1975 874 2049 vicerimus,
894 1975 922 2032 si
937 1974 1090 2034 vincimus
1105 1974 1246 2052 proelio.-
1265 1995 1341 2036 nam

79 2093 118 2132 ne
136 2073 199 2132 illis
209 2071 330 2150 quidem
350 2071 394 2131 ad
402 2070 525 2153 fugam
545 2074 628 2133 loom
649 2079 713 2132 est:
730 2071 804 2131 ht'ne
825 2069 1009 2149 Euphrates,
1028 2073 1121 2133 illinc
1144 2073 1253 2150 tigris
1265 2091 1341 2151 pra

83 2235 201 2302 Tipris
228 2242 332 2301 atque
355 2238 558 2305 Euphrates.
595 2238 676 2288 tener
695 2237 763 2288 wisd
789 2240 882 2288 zuerst
908 2240 1024 2303 genennt
1051 2237 1101 2287 mit
1117 2237 1205 2301 Bezug
1224 2237 1274 2287 551
1290 2238 1341 2288 den

80 2306 293 2368 gegenw'a'rtigen
315 2308 482 2370 Standpunkt
499 2308 546 2358 des
564 2308 669 2356 Darius.

147 2381 171 2446 4,
190 2382 230 2447 53,
251 2382 290 2435 11.
327 2385 521 2436 Eahausta.
552 2389 606 2437 Der
628 2389 700 2449 Gang
720 2385 768 2435 dec
784 2384 934 2448 Ereignisse
951 2384 1073 2447 hewelst,
1093 2384 1267 2436 desidiosos
1287 2385 1352 2447 und,

81 2456 129 2505 dos
145 2455 277 2518 Folgendo
293 2455 352 2505 eine
371 2455 582 2519 Ucbertreibung
598 2457 639 2505 ist.
665 2454 740 2504 Auch
757 2467 777 2503 s.
797 2454 869 2503 Curi.
891 2451 915 2517 5,
935 2451 956 2516 1,
977 2450 1008 2503 5:
1027 2451 1153 2503 ultima
1171 2453 1271 2518 requi
1289 2452 1343 2503 sui

80 2522 190 2571 adhuc
213 2523 351 2571 intacta
375 2539 462 2583 esse,
488 2523 546 2572 inde
571 2521 636 2571 hello
661 2522 727 2570 eires
746 2519 817 2569 haud
837 2528 1116 2587 aeqrereparalurstm.
1145 2549 1177 2557 —
1206 2529 1343 2588 parata

81 2589 231 2639 hostibus
250 2590 397 2654 praeda,
417 2593 468 2640 wie
484 2590 509 2650 5,
531 2590 555 2651 1,
576 2590 599 2641 4.
628 2593 656 2639 15
674 2603 740 2653 ganz
758 2588 885 2639 inderem
902 2590 983 2640 Sinna
1003 2585 1026 2652 4,
1050 2586 1088 2653 19,
1109 2585 1150 2639 14.
1171 2617 1199 2626 -
1218 2589 1343 2656 piqsso-

79 2657 186 2719 ribus,
204 2660 255 2709 wie
274 2655 297 2721 4,
318 2657 358 2722 55,
379 2657 419 2708 11.
439 2657 520 2720 5,18,
541 2656 581 2707 16.
603 2661 629 2707 S.
647 2659 700 2710 le.
725 2654 748 2718 1,
770 2655 794 2715 1,
814 2655 842 2707 5:
860 2657 1016 2723 priusquam
1033 2658 1191 2725 piqnora
1216 2659 1343 2723 coniu-

77 2744 151 2793 qum
166 2743 203 2776 ac
220 2725 409 2778 liberorum
429 2728 575 2793 caritasque
592 2726 671 2794 ipsius
691 2723 747 2786 soli,
770 2724 811 2773 cui
831 2723 904 2789 lonqo
922 2731 969 2773 tem
989 2741 1032 2774 ore
1049 2725 1216 2787 assuescitur,
1243 2727 1344 2776 animes

80 2812 165 2844 eorum
186 2796 359 2846 consociasset.
393 2797 466 2846 Auoh
485 2810 538 2846 von
559 2797 610 2846 den
629 2796 743 2855 1511555,
768 2807 790 2843 z.
809 2794 834 2843 B.
858 2795 885 2843 C.
907 2788 932 2856 4,
950 2742 991 2856 55,
1012 2791 1053 2845 11.
1087 2796 1184 2844 Lucan.
1205 2794 1299 2846 Phars.
1319 2795 1344 2857 8,

79 2861 141 2913 405:
155 2871 316 2928 'sacrataque
333 2865 496 2931 piqnora,
516 2872 647 2914 matres.

147 2943 172 3007 4,
192 2945 232 3007 53,
252 2943 292 2995 13.
327 2944 615 3008 infirmissimum.
650 2945 774 3007 Dagegen
792 2939 815 3005 5,
842 2937 882 3003 36,
908 2937 952 2991 14:
986 2942 1090 3006 fama,
1116 2940 1293 2992 marimum
1317 2943 1345 2992 iu

80 3013 144 3063 hello
163 3015 249 3079 utiquc
269 3019 470 3061 momentum.
493 3040 522 3049 -
546 3011 647 3061 telum.
677 3013 704 3061 S.
732 3011 784 3060 cic.
811 3011 914 3061 Amicis.
937 3007 978 3069 17,
1000 3007 1047 3061 61:
1074 3024 1121 3059 aec
1137 3008 1265 3059 mediocre
1289 3017 1344 3060 te-

81 3081 143 3130 lum
161 3082 196 3130 ad
210 3097 250 3128 res
266 3079 390 3144 percndas
408 3079 555 3128 existimare
572 3085 672 3145 oportet
694 3075 885 3126 benivolentiam
904 3077 1001 3128 civium.
1021 3078 1077 3130 Liv.
1095 3075 1121 3138 3,
1133 3075 1174 3141 55,
1187 3075 1211 3128 3.
1226 3075 1249 3141 4,
1263 3076 1306 3142 18,
1318 3077 1343 3129 5.

148 3157 171 3221 4,
184 3155 276 3217 54,13.
302 3157 465 3224 Impetum
484 3159 621 3222 effudit.
642 3160 667 3206 S.
682 3157 741 3206 Lis.
761 3154 853 3220 38,17,
873 3156 905 3209 7:
924 3158 947 3207 si
993 3159 1066 3209 'mum
1085 3158 1250 3227 impetum,
1271 3176 1345 3226 quem

78 3227 177 3292 fervido
194 3226 293 3291 inqcnio
318 3233 343 3273 et
361 3241 439 3274 caeca
456 3225 499 3274 ira
521 3224 715 3289 effundunt,
745 3225 899 3276 sustinueris.
931 3224 945 3276 1
964 3263 973 3287 ,
998 3224 1038 3288 18,
1062 3224 1092 3277 6:
1121 3234 1296 3293 quantumcun
1313 3243 1345 3278 ue

79 3295 171 3344 virium
190 3292 287 3352 hahuit,
307 3294 445 3343 certamine
460 3292 542 3359 primo
563 3291 706 3356 effudit.
727 3319 755 3328 -·
776 3293 905 3346 emissa.
923 3295 967 3344 R:
987 3295 1086 3345 omaso.
1117 3295 1203 3359 vergl.
1224 3298 1280 3346 [hv.
1298 3245 1343 3357 13,

79 3360 121 3424 41,
138 3362 170 3414 5:
194 3361 338 3429 qloricntur
353 3361 468 3422 Romani,
488 3367 519 3423 te,
538 3359 573 3408 ad
588 3375 665 3410 unum
681 3359 754 3409 modo
775 3360 854 3410 ictum
873 3362 1006 3428 eipentem,
1032 3361 1103 3412 uelut
1128 3361 1218 3413 aculeo
1246 3365 1344 3423 emisso,

81 3440 187 3498 torpere.
225 3433 279 3480 Das
301 3431 358 3480 Bild
383 3432 418 3480 ist
444 3442 496 3478 von
522 3429 570 3478 der
590 3429 670 3479 Bicne
690 3430 912 3492 hcrgcnommen;
943 3445 965 3482 s.
991 3433 1053 3481 Ptin.
1080 3433 1109 3481 N.
1131 3432 1160 3481 H.
1181 3429 1224 3492 11,
1248 3431 1289 3495 18,
1313 3430 1345 3482 19

78 3514 104 3562 p.
124 3497 182 3560 600,
197 3495 244 3547 24:
268 3496 421 3547 aculeum
443 3495 531 3560 apibus
556 3503 653 3546 natura
676 3496 744 3545 dedit
762 3497 845 3546 nentri
870 3505 1026 3548 consertum:
1053 3497 1095 3548 ad
1117 3515 1213 3549 uuum
1236 3500 1345 3551 ictum

80 3567 142 3616 hoc
156 3567 284 3630 taftaeo,
317 3565 420 3630 quidam
436 3580 477 3613 eas
494 3564 582 3613 statim
599 3565 677 3613 emori
688 3571 788 3630 putant.
828 3563 920 3631 Aliqui
935 3582 986 3615 non
1002 3567 1053 3615 nisi
1069 3566 1097 3615 in
1115 3573 1215 3616 tantum
1240 3567 1344 3631 adacto,

79 3642 109 3682 ut
125 3635 239 3683 intestini
256 3632 384 3699 quidpiam
402 3638 536 3697 sequatur:
558 3633 603 3680 sed
624 3633 697 3696 fucos
714 3639 804 3697 postea
827 3648 880 3681 esse
898 3649 944 3683 nec
970 3633 1047 3684 mella
1072 3634 1168 3698 tacere,
1193 3636 1346 3702 pariterque

81 3709 106 3750 et
122 3718 213 3751 nocere
231 3709 255 3750 51
272 3700 391 3766 prodesse
408 3701 526 3749 desinere.

147 3779 172 3845 4,
191 3779 232 3844 54,
252 3780 290 3831 11,
323 3780 468 3830 Ordines
488 3797 600 3833 raros.
637 3780 690 3830 Der
710 3781 807 3846 Begritf
825 3783 890 3833 l‘a'sst
916 3781 1345 3834 555515555511551115115555

79 3865 125 3913 zu;
146 3865 165 3902 s.
184 3848 208 3910 4,
227 3848 267 3912 58,
286 3846 327 3898 10.
345 3846 370 3909 8,
390 3847 431 3909 10,
449 3846 489 3899 34.
517 3851 571 3898 Liv.
590 3849 614 3909 9,
635 3846 679 3909 17,
698 3847 728 3898 8:
758 3848 851 3899 dextra
870 3866 942 3914 pars,
969 3865 1021 3916 qua
1046 3856 1070 3899 et
1093 3848 1220 3898 Samnites
1246 3851 1346 3900 raris

80 3918 261 3969 ordinibus
291 3923 337 3966 aut
359 3917 394 3967 ad
411 3916 600 3967 circumeundos
627 3916 711 3966 hostes
737 3925 783 3965 aut
808 3934 841 3966 ne
864 3918 914 3984 ipsi
937 3917 1139 3979 circumirentur,
1164 3917 1346 3981 constiterant,

81 3987 189 4038 latius
211 3986 401 4053 patefacta
420 3986 530 4036 stetit.
568 3984 693 4046 sinistris,
717 3991 898 4051 praeterquam
918 3985 986 4052 quod
1009 3985 1245 4049 confertiores
1264 3994 1346 4036 stete·

78 4056 298 4119 rant-additae
315 4054 390 4104 vires.
412 4056 486 4106 Caes.
514 4053 573 4104 betl.
596 4054 653 4118 gaii.
674 4052 698 4114 5,
719 4050 766 4103 16:
794 4054 937 4117 accedebat,
963 4062 993 4103 ut
1016 4069 1145 4120 nunquam
1172 4054 1346 4118 conferti,

79 4125 123 4173 sed
144 4125 219 4174 rari
244 4124 444 4189 maquisque
469 4121 675 4172 intervallis
698 4120 897 4186 proeliarentur.
920 4150 952 4158 -
980 4137 1107 4185 uanam,
1130 4120 1345 4173 exhaustum.

78 4192 120 4242 F.:
139 4209 232 4242 uanam
252 4199 277 4242 et
295 4190 350 4240 ech.
372 4219 400 4228 —
420 4190 542 4242 ultimi.
562 4191 646 4255 Vergl.
665 4187 689 4251 4,
707 4189 748 4250 50,
767 4188 809 4242 31.

147 4278 170 4344 4,
189 4279 229 4344 54,
250 4280 291 4332 15.
313 4281 490 4332 Vincimus.
517 4284 560 4333 Ζ,;
580 4281 693 4333 vicimus.
731 4282 811 4333 Beide
828 4283 961 4346 Tempora
981 4282 1040 4334 sind
1055 4283 1081 4332 in
1103 4281 1152 4332 der
1168 4280 1347 4346 Verbindung

80 4350 128 4399 mit
144 4351 278 4400 vicesimus
300 4365 371 4400 zwor
388 4353 511 4415 moglich,
538 4349 603 4401 abes
621 4350 706 4415 gleich
724 4351 816 4401 seiten.
857 4352 917 4400 Mon
943 4352 1082 4401 erwartet:
1110 4356 1135 4398 et
1161 4347 1345 4400 151155151-

79 4431 156 4477 mus,
177 4418 200 4465 si
216 4417 397 4467 vicerimus
415 4418 520 4484 proelio.
542 4420 566 4469 S.
585 4420 638 4468 Liv.
658 4416 698 4479 11,
720 4413 761 4479 43,
777 4415 810 4468 13
840 4418 863 4468 si
881 4433 954 4483 quem
971 4418 1081 4467 ananum
1098 4416 1127 4466 iu
1144 4414 1247 4467 alienae
1265 4417 1345 4467 sortis

79 4483 192 4548 eaernplo
207 4483 296 4550 paullo
312 4492 372 4533 ante
386 4484 517 4546 habuistis,
536 4485 639 4535 eundem
652 4501 712 4534 moe
729 4485 757 4533 in
773 4485 933 4535 aestimanda
948 4487 1054 4550 fortuna
1072 4491 1161 4535 vestra
1177 4482 1346 4536 hahueri-

81 4550 140 4612 tis,
161 4552 323 4611 uicimus,
341 4551 439 4602 milites.
460 4580 490 4591 ·-
517 4569 554 4603 ne
578 4552 659 4602 illis
679 4553 809 4618 quidem
824 4556 874 4604 mit
891 4555 979 4620 Bezug
1000 4551 1088 4616 5514,
1106 4551 1150 4615 53,
1172 4552 1219 4604 11:
1244 4560 1347 4621 555155

80 4625 117 4668 est
135 4633 171 4679 eo,
195 4618 262 4668 unde
276 4619 357 4683 pulsis
374 4635 405 4670 ne
423 4621 501 4687 suque
527 4620 627 4687 quidem
651 4619 721 4670 locus
738 4627 782 4671 est.
806 4648 838 4658 -
862 4620 949 4672 hinc.
985 4623 1022 4674 111
1047 4622 1190 4674 atestino
1217 4622 1289 4687 1151,
1312 4632 1345 4675 to
