2820 4964
436 228 472 288 V.
495 227 951 295 vtt.=1-et.,¹vlit.·-8-15.
1264 228 1327 294 185

65 397 246 473 discrimine,
268 397 437 476 praefectis,
458 416 520 458 uon
532 397 636 478 utique
648 410 773 473 auarum
794 399 937 478 gentium,
957 399 1012 459 sed
1030 396 1164 473 delectis,
1181 397 1325 464 attribuit

64 491 178 568 ⁷Tuba,
201 512 292 573 quum
316 499 414 555 castra
433 495 681 570 movere'vellet
708 495 827 576 siguum
848 495 950 571 dabat,
974 495 1060 556 cuius
1078 513 1172 556 sonus
1192 493 1325 573 plerum

65 609 139 668 que,
167 589 408 652 tumultuantium
435 591 557 652 fremitu
579 592 757 670 exoriente,
782 592 863 652 haud
888 591 961 652 satis
989 590 1218 652 exaudiebatur:
1234 610 1324 670 ergo

64 685 216 791 peppipam,
241 706 318 766 quae
329 668 462 768 undique
480 688 615 767 conspici
633 695 745 768 posset,
765 706 859 768 supra
877 690 1062 767 praetorium
1080 675 1193 760 statuit,
1210 706 1248 748 ex
1267 707 1326 768 qua

63 781 182 860 signum
194 782 344 845 eminebat
363 785 476 863 pariter
497 785 636 846 omnibus
649 785 866 865 conspicuum:
886 783 1104 846 observabatur
1124 782 1203 861 ignis
1220 791 1325 860 noctu,

63 879 162 941 fumus
182 880 320 942 interdiu

148 976 226 1038 Vlll.
279 970 425 1056 8lamque
445 973 524 1044 Susa
543 977 572 1037 ei
593 977 712 1039 adituro
733 977 880 1061 Abulites,
904 977 1035 1058 regionis
1056 975 1123 1038 eius
1146 977 1324 1055 praefectus,

62 1071 126 1132 sive
140 1071 232 1132 Darei
242 1072 334 1147 iussu,
356 1079 391 1133 ut
400 1072 603 1135 Alexandrum
625 1075 740 1152 praeda
759 1076 910 1153 retineret,
932 1076 994 1138 sive
1016 1093 1072 1136 sua
1092 1079 1210 1152 sponte,
1231 1073 1325 1134 lilium

61 1168 182 1228 obviam
205 1169 293 1246 misit,
313 1170 495 1232 traditurum
516 1191 549 1233 se
570 1171 678 1234 urbem
699 1172 887 1252 promittens.
942 1168 1096 1250 ⁹Benigne
1115 1168 1253 1230 iuvenem
1275 1189 1326 1231 ex-

62 1264 146 1343 cepit
164 1284 232 1341 rex,
256 1271 286 1328 et
308 1267 416 1328 eodem
435 1268 513 1359 duce
534 1268 573 1329 ad
596 1270 758 1348 Choaspen
777 1288 896 1331 amnem
918 1268 1070 1348 pervenit,
1096 1265 1267 1362 wlff-”¹¹³
1292 1272 1327 1328 ut

62 1361 141 1421 fama
154 1367 208 1437 est,
230 1364 386 1424 vehentem
401 1384 517 1445 aquam.
550 1361 642 1426 ¹⁰llic
661 1364 807 1437 Abulites·
821 1385 891 1425 cum
911 1364 1000 1426 donis
1021 1364 1132 1443 regalis
1153 1364 1325 1443 opulentiae

61 1458 203 1520 occurrit.
238 1458 413 1522 Dromades
436 1461 541 1522 cameli
565 1461 645 1522 inter
673 1461 754 1522 dona
783 1465 867 1520 eraut
898 1459 1067 1521 velocitatis
1092 1458 1233 1537 eximiae,
1264 1461 1325 1522 Xll

62 1553 212 1632 elephanti
232 1577 250 1617 a
269 1559 372 1619 Dareo
395 1578 434 1619 ex
452 1559 536 1618 India
557 1557 653 1632 acciti,
675 1556 734 1616 iarn
754 1574 817 1616 non
838 1561 946 1630 terror,
968 1563 1003 1617 ut
1023 1562 1205 1636 speraverat,
1225 1558 1325 1620 Mece-

62 1649 182 1726 donum,
206 1653 260 1713 sed
278 1655 429 1730 auxilium,
452 1675 529 1734 opes
548 1655 620 1714 victi
641 1653 679 1714 ad
696 1652 843 1714 victorem
867 1655 1065 1726 numerante
1088 1655 1216 1718 iorhrna
1258 1651 1327 1719 ¹1Ut

61 1765 135 1808 vero
147 1749 251 1809 urbem
265 1750 393 1827 intravit,
414 1751 621 1813 incredibilem
641 1770 679 1812 ex
700 1749 848 1810 thesauris
870 1768 1016 1811 summam
1037 1752 1184 1830 pecuniae
1205 1752 1324 1834 egessit,

61 1846 86 1903 1,
106 1844 185 1905 milia
204 1847 345 1908 talentum
367 1849 482 1928 argenti
503 1869 565 1910 nou
578 1847 695 1927 signati
716 1847 832 1922 forma,
853 1848 908 1908 sed
927 1846 997 1908 sudi
1018 1848 1164 1928 pondere.
1205 1844 1325 1911 ¹²Mu1ti

61 1960 150 2019 reges
171 1948 265 2004 raritas
286 1965 361 2024 opes
382 1946 474 2024 longa
493 1952 589 2008 aetate
612 1944 839 2006 cumulaverant
858 1944 961 2006 liberis
983 1945 1193 2025 posterisque,
1225 1957 1259 2007 ut
1279 1967 1325 2007 ar-

60 2038 261 2115 bitrabantur,
291 2063 364 2123 quas
385 2062 445 2103 una
465 2043 541 2103 hora
563 2042 593 2101 in
616 2040 737 2106 externi
755 2040 838 2120 regis
857 2058 963 2109 maturus
986 2032 1099 2119 inlidit
1143 2037 1326 2105 ¹³(lousedit

60 2134 168 2197 deinde
189 2135 220 2196 in
243 2139 324 2215 regia
346 2138 420 2198 sella
441 2137 536 2199 multo
559 2138 741 2212 excelsiore,
762 2157 851 2217 quam
870 2156 928 2216 pro
951 2137 1054 2202 habitu
1075 2139 1225 2218 corporis.
1268 2141 1325 2202 lta-

59 2252 119 2312 que
143 2251 235 2312 quum
254 2233 347 2310 pedes
367 2232 459 2291 imum
480 2235 607 2311 gradum
626 2253 688 2294 non
707 2233 923 2312 contingerent,
946 2252 1025 2296 unus
1046 2255 1083 2296 ex
1104 2236 1196 2315 regiis
1219 2236 1323 2319 pueris

58 2346 194 2387 mensam
214 2325 348 2387 subdidit
369 2326 504 2405 pedibus.
542 2322 614 2388 “Et
634 2349 725 2409 quum
747 2328 930 2409 spadonem,
960 2330 1012 2410 qui
1032 2330 1125 2392 Darei
1145 2333 1258 2410 fuerat,
1281 2334 1325 2394 in-

58 2423 273 2504 gemiscentem
286 2422 495 2502 conspexisset
514 2442 577 2498 rex,
597 2444 718 2492 causam
736 2424 902 2487 maestitiae
921 2426 1086 2505 requisivit.
1129 2426 1183 2491 lile
1204 2429 1324 2505 indicat,

36 2558 39 2562 ⁴
60 2523 194 2582 Dareum
216 2521 300 2581 vesci
320 2520 351 2580 in
374 2539 410 2580 ea
425 2519 571 2596 solitum,
599 2538 691 2603 seque
714 2540 830 2582 sacram
851 2521 916 2582 eius
940 2541 1074 2583 mensam
1098 2522 1138 2582 ad
1161 2522 1324 2584 ludibrium

58 2617 242 2679 recidentem
269 2617 333 2678 sine
358 2615 490 2678 lacrimis
519 2615 697 2696 conspicere
727 2635 790 2677 non
817 2636 919 2696 posse.
957 2612 981 2655 ¹⁵
990 2617 1089 2679 Subiit
1119 2637 1193 2700 ergo
1221 2640 1324 2701 regem

59 2715 242 2776 verecundia
269 2713 400 2775 violandi
427 2713 591 2794 hospitales
621 2713 704 2775 deos.
756 2714 877 2794 lamque
905 2713 1035 2779 subduci
1062 2713 1197 2794 iubebat,
1231 2738 1323 2799 quum

128 3011 153 3072 5,
170 3010 196 3073 8,
213 3010 236 3063 8.
257 3011 298 3060 Ei
318 3011 381 3062 sehlt
397 3009 441 3062 bei
457 3011 483 3062 F.
503 3038 531 3047 -
554 3010 619 3061 Sua
631 3025 681 3061 vor
706 3019 796 3080 sponte
817 3012 880 3063 fehlt
897 3010 942 3061 bei
961 3011 986 3061 F.
1008 3038 1037 3049 -
1063 3012 1187 3077 filiam.
1226 3016 1324 3066 wahr-

58 3081 202 3131 scheinlich
223 3079 359 3142 Oxathres,
378 3080 426 3130 der
442 3093 497 3129 von
517 3081 574 3129 hrr.
594 3077 621 3139 3,
641 3077 667 3139 8,
685 3077 709 3130 5.
729 3077 810 3144 3,19,
830 3078 854 3130 9.
874 3076 941 3142 7,1,
964 3078 978 3129 1
999 3082 1119 3133 erwahnt
1136 3082 1211 3133 wird.
1243 3085 1323 3137 Scine

58 3149 212 3212 Beiohnung
230 3162 287 3197 war
306 3149 349 3198 die
365 3149 487 3211 Satrupie
503 3161 556 3197 von
574 3149 754 3199 Paraitacene.

127 3238 151 3300 5,
167 3237 194 3301 8,
212 3237 237 3290 9.
258 3239 441 3306 Choaspen.
476 3239 595 3290 ,inderet
622 3237 772 3306 Idaspia.
807 3238 1034 3291 Wahrscheinlich
1061 3234 1230 3307 der-letzige
1254 3244 1323 3294 itera

58 3310 126 3360 oder
137 3309 247 3370 Kerhha,
262 3309 389 3358 wahrend
401 3308 449 3358 der
458 3308 579 3368 Eulaeus,
593 3307 642 3357 der
652 3309 701 3356 mit
713 3308 774 3357 dern
787 3308 923 3371 Choaspes
944 3308 982 3358 ott
999 3307 1041 3358 ihr
1054 3309 1186 3373 identisch
1200 3311 1323 3374 gahaiteu

58 3377 178 3438 worden,
197 3376 258 3426 dem
272 3377 395 3439 heutigen
416 3374 516 3426 oberen
530 3376 619 3424 Kuran
637 3375 703 3425 oder
714 3376 803 3425 Karun
823 3390 857 3425 zu
872 3374 1050 3439 entsprechen
1065 3376 1175 3427 schetnt.
1188 3390 1217 3414 -'-
1230 3376 1323 3426 deti-

58 3451 178 3494 certam.
211 3445 235 3493 S.
256 3444 320 3492 Plin.
332 3444 361 3494 N.
382 3443 410 3493 H.
432 3439 455 3505 5,
474 3441 515 3507 27,
535 3440 567 3492 31
587 3457 612 3506 p.
632 3439 689 3504 334,
705 3440 753 3492 Ὧς
770 3442 939 3502 Eulaeus,
958 3449 1030 3492 ortae
1047 3443 1076 3491 ira
1093 3441 1252 3493 Medis-et
1267 3444 1324 3510 ipre

58 3514 85 3562 in
103 3527 196 3577 mapaa
213 3510 377 3571 caerimonia,
396 3511 519 3576 siquidem
536 3526 630 3575 repes
650 3526 711 3559 aaa
732 3526 769 3558 ee
788 3508 856 3559 ulio
878 3509 1009 3570 bibunt,
1031 3516 1063 3558 et
1082 3508 1167 3559 adid
1186 3511 1220 3560 in
1240 3510 1321 3560 lon·-

56 3581 178 3646 yiaqaa
200 3585 349 3645 portant.
383 3581 462 3629 Solin.
483 3593 506 3630 c.
526 3575 558 3628 11
580 3593 606 3641 ρ.
625 3575 691 3629 364:
714 3577 879 3644 Choaspes
899 3578 939 3627 ita
956 3576 1038 3626 duleis
1059 3585 1104 3640 ert,
1124 3579 1261 3646 atperrici
1277 3596 1322 3629 re-

55 3665 107 3714 pes,
140 3646 260 3714 quamdiu
278 3647 350 3696 intra
366 3647 439 3712 ripas
456 3645 568 3696 Persidis
584 3645 648 3709 livit,
674 3644 736 3696 solis
754 3645 803 3695 ribi
821 3662 854 3695 αα
872 3661 900 3695 αα
917 3644 1013 3712 poeula
1029 3644 1187 3698 otodooam
1204 3655 1230 3701 ee
1246 3663 1323 3714 qaum

58 3715 165 3764 eandam
183 3716 252 3777 foret
265 3731 379 3781 pereqre,
398 3730 478 3780 aquus
497 3714 549 3763 eius
568 3729 653 3764 rectem
669 3713 826 3765 vectitariret.

125 3805 149 3870 5,
169 3804 252 3868 8,10.
287 3805 476 3856 Dromades
497 3805 624 3855 cameli.
642 3807 667 3856 S.
688 3806 766 3857 Diod.
785 3801 824 3867 19,
846 3801 894 3854 37:
914 3801 1031 3854 διατείνει
1048 3801 1078 3855 τὸ
1099 3804 1167 3864 ζῶον
1185 3808 1263 3856 τοῦτο
1283 3806 1323 3866 (er

58 3880 142 3926 nennt
168 3875 266 3924 vorher
290 3871 469 3943 δρομάδας
494 3871 691 3942 καμήλους)
716 3869 874 3928 σταδίους
897 3869 935 3921 cb
960 3869 1046 3922 πολὺ
1077 3871 1246 3929 ἐλάττους
1270 3889 1321 3942 χι-

58 3941 140 3994 λίων
160 3940 409 3993 πεντακοσίων.
447 3943 540 3993 isidor.
560 3942 631 4004 Orig.
651 3938 690 4003 12,
711 3939 735 4002 1,
754 3936 799 3990 36:
817 3938 974 3988 dromeda
996 3955 1075 4006 penas
1101 3946 1140 3989 ert
1164 3939 1320 3990 camelorum

56 4011 162 4060 minoris
189 4009 287 4076 quidem
306 4016 430 4070 staturae,
448 4009 494 4058 red
516 4006 714 4058 velocioris.
759 4006 898 4056 Ceratum
916 4007 982 4056 enirn
1003 4007 1200 4074 etamplius
1218 4005 1323 4056 milia

56 4095 122 4128 aaa
139 4078 352 4144 dieperpere
371 4076 466 4126 solet.
487 4107 518 4114 -
545 4077 611 4127 iam
630 4092 696 4126 noa.
724 4075 763 4126 F.:
785 4073 910 4125 aoniam.
931 4076 956 4125 S.
974 4088 1007 4126 zu
1028 4070 1054 4135 1,
1074 4073 1118 4135 39,
1139 4071 1162 4124 3.
1182 4100 1211 4111 -
1240 4088 1320 4141 spe-

56 4144 211 4197 r‘aoerot.
232 4146 271 4194 F.:
290 4151 461 4212 speraverant.
482 4146 566 4209 Vergl.
584 4141 608 4207 1,
627 4143 668 4208 35,
686 4140 716 4194 4ε
736 4143 831 4210 irpeas,
847 4150 883 4191 art
901 4141 1115 4206 crediderat,
1136 4140 1245 4191 berthem
1264 4148 1320 4190 ter-

57 4232 111 4276 ror,
138 4214 261 4264 ducentae
278 4211 395 4277 falcatae
415 4212 561 4281 quadrigae.

125 4305 151 4366 5,
171 4302 198 4366 8,
216 4304 254 4355 11.
288 4304 423 4368 Formo,
440 4304 484 4357 bei
502 4306 614 4355 Mdnzen
634 4303 683 4357 das
704 4306 831 4368 Geprege,
849 4303 980 4353 maistans
999 4302 1036 4352 im
1057 4314 1159 4366 engere
1178 4300 1249 4352 sinn.
1284 4300 1320 4350 So

57 4376 131 4425 Ovid.
150 4375 217 4424 Fast.
240 4372 262 4435 1,
283 4371 347 4426 2⁸29:
377 4389 424 4423 cur
441 4371 543 4424 moniis
560 4372 588 4421 in
606 4388 667 4422 aere
682 4370 778 4423 Altera
803 4370 941 4437 signata
960 4376 1006 4430 ert,
1032 4366 1118 4420 altera
1143 4368 1254 4432 [orma
1278 4365 1319 4417 bi-

56 4441 137 4508 cepr?
156 4444 250 4493 Senec.
271 4457 312 4506 ep.
333 4439 379 4493 34:
406 4442 429 4491 ri
446 4441 474 4491 id
493 4439 580 4506 operis,
600 4447 629 4490 at
648 4440 734 4491 omnia
753 4440 828 4503 (acta
850 4437 968 4503 dictaque
984 4437 1115 4487 tua-inter
1134 4452 1162 4485 re
1177 4443 1320 4502 conquam

55 4527 89 4559 ac
105 4509 278 4576 respondeant
295 4508 344 4559 sibi
362 4516 386 4559 et
404 4525 471 4560 aaa
493 4510 603 4572 ferma
620 4522 787 4575 percursa
803 4505 880 4555 rint.

124 4600 148 4664 5,
169 4599 193 4664 8,
217 4599 254 4652 13,
287 4600 387 4651 imam
408 4599 549 4667 pradum.
587 4602 613 4652 S.
636 4600 714 4651 Diod.
742 4595 780 4660 17,
801 4593 849 4649 56;
875 4598 923 4647 τοῦ
943 4593 1012 4646 κατὰ
1036 4590 1080 4645 τὸν
1099 4589 1193 4664 θρόνον
1220 4589 1317 4661 trope-

54 4666 130 4739 bpou.
151 4696 179 4708 -·
203 4668 230 4730 5,
250 4666 335 4730 8,11.
361 4668 587 4720 decidentem.
624 4669 650 4721 S.
669 4665 696 4730 9,
712 4663 754 4731 99,
772 4663 819 4717 93τ
847 4662 1003 4714 celebratam
1022 4661 1189 4713 Maeotim
1203 4661 1318 4727 fortitu-
