2820 4964
111 188 176 255 ass
578 184 898 266 cauarnnurr

113 360 265 422 venientes
288 358 481 437 contemptim
503 364 534 419 et
553 358 684 436 superbe
702 376 825 438 quoque
845 360 1012 435 expectant,
1041 354 1239 417 circumventi
1259 356 1371 435 abbis,

113 458 163 540 qui
184 456 296 520 occulti
317 460 485 528 enaveraut,
504 454 619 516 emmns
640 452 742 516 obruti
759 453 827 514 telis
846 459 924 515 suut.
956 447 1053 527 ¹⁶Qui
1071 451 1237 531 effugerant
1255 455 1378 517 bostem-

96 564 163 637 'aut
185 556 299 633 impetu
320 551 416 612 amnis
437 549 528 612 ablati
550 556 620 611 sunt
640 556 692 611 aut
711 549 874 611 verticibus
897 546 1042 626 impliciti.
1107 596 1110 601 .

195 650 306 712 XLVI.
348 648 452 728 anue
471 666 571 725 pugna
594 645 721 707 multum
742 645 814 707 Puri
834 645 973 706 fiduciam
992 645 1095 721 erexit,
1117 653 1228 723 cuncta
1248 666 1370 709 cerneu-

111 752 150 813 tis
170 769 187 810 e
209 747 285 826 ripa.
315 740 524 814 ¹⁷Alexauder,
547 741 637 820 iuops
657 742 785 817 consilii,
805 743 927 804 taudem
946 739 986 800 ad
1006 739 1171 803 fallendum
1191 744 1314 805 hostem
1331 752 1370 805 ta-

111 848 170 907 lem
192 844 296 906 dolum
322 840 456 902 intendit.
498 837 571 898 Erat
598 837 696 899 insula
718 838 750 898 in
775 837 896 900 flumine
919 835 1048 914 amplior
1076 836 1196 915 ceteris,
1224 838 1369 901 silvestris

112 944 217 1005 eadem
242 948 273 1001 et
298 936 434 1017 tegendis
461 933 574 995 insidiis
601 939 680 1011 apta.
723 934 821 995 Fossa
850 951 972 1015 quoque
1000 933 1134 1011 praealta
1161 936 1244 997 baud
1264 937 1368 1015 procul

63 1018 67 1033 ¹
111 1040 185 1119 ripa,
209 1056 298 1119 quam
317 1033 436 1095 tenebat
458 1030 532 1108 ipse,
554 1049 616 1090 non
638 1029 755 1108 pedites
775 1031 876 1105 modo,
906 1030 962 1091 sed
982 1031 1072 1093 etiam
1091 1052 1160 1093 cum
1181 1033 1271 1113 equis
1292 1034 1367 1094 viros

111 1140 231 1215 poterat
248 1130 443 1192 abscondere.
482 1119 608 1205 ¹⁸1gitur
628 1132 661 1187 ut
688 1146 706 1186 a
727 1127 865 1188 custodia
892 1127 981 1189 buius
1002 1129 1239 1208 opportunitatis
1266 1129 1368 1191 oculos

112 1231 241 1294 bostium
263 1231 421 1299 averteret,
448 1225 652 1286 Ptolemaeum
672 1223 810 1284 omuibus
834 1222 939 1283 mrmts
959 1225 1135 1304 obequitare
1156 1226 1245 1288 iussit
1265 1225 1369 1307 procul

110 1327 209 1391 insula
238 1332 270 1386 et
296 1322 423 1384 subinde
442 1322 533 1383 ludos
555 1320 688 1381 clamore
708 1326 830 1394 terrere,
859 1319 944 1399 quasi
966 1320 1077 1383 llumen
1095 1330 1308 1385 transnaturus
1328 1326 1369 1384 lo

111 1437 165 1489 ret.
206 1419 232 1462 ¹⁹
240 1424 300 1483 Per
320 1419 491 1497 complures
514 1417 579 1478 dies
599 1416 788 1478 Ptolemaeus
813 1415 843 1474 id
872 1416 951 1491 fecit,
981 1436 1079 1497 eoque
1102 1419 1232 1481 consilio
1261 1420 1368 1482 Porum

111 1540 232 1606 quoque
251 1537 358 1598 agmen
377 1536 465 1577 suum
486 1515 513 1575 ei
534 1513 620 1593 parti,
647 1532 736 1594 quam
765 1531 799 1572 se
821 1518 925 1588 petere
951 1513 1116 1589 simulabat,
1141 1500 1249 1595 ¹coegit
1268 1518 1368 1579 adver·

109 1630 184 1684 tere.
217 1612 247 1655 ²⁰
255 1618 317 1677 lam
333 1620 418 1675 extra
439 1617 636 1690 conspectum
659 1609 753 1670 bostis
776 1607 873 1669 naula
893 1615 965 1671 erat.
1006 1610 1180 1673 Alexander
1200 1612 1230 1673 in
1253 1613 1369 1675 diversa

110 1725 196 1799 parte
217 1714 300 1791 ripae
319 1710 410 1772 statui
428 1729 515 1771 sunm
533 1706 757 1768 tabernaculum
779 1704 865 1765 iussit
884 1713 1092 1787 assuetumque
1112 1708 1253 1770 comitari
1274 1709 1368 1789 ipsum

110 1815 266 1875 cohortem
288 1819 357 1867 ante
382 1806 413 1865 id
433 1804 657 1865 tabernaculum
677 1808 758 1863 stare
788 1807 819 1862 et
841 1819 961 1863 omnem
983 1811 1158 1882 apparatum
1185 1806 1290 1885 regiae
1313 1827 1366 1867 ma-

110 1904 297 1990 gnificentiae
318 1901 449 1963 hostium
470 1899 566 1961 oculis
595 1900 633 1959 de
661 1898 810 1959 industria
830 1898 958 1959 ostendi.
1007 1894 1182 1976 ”Attalum
1210 1907 1242 1963 et
1264 1924 1367 1985 aequa-

109 2009 168 2067 lem
186 2003 245 2065 sibi
269 2005 299 2060 et
316 1998 397 2057 baud
414 1995 564 2073 disparem
583 1995 687 2057 habitu
708 1994 772 2055 oris
797 2000 827 2055 et
846 1996 994 2073 corporis,
1020 1996 1124 2077 utique
1144 2017 1237 2078 quum
1261 2000 1367 2079 procul

108 2102 265 2171 viseretur,
288 2099 371 2155 veste
389 2090 472 2170 regia
487 2098 620 2167 exornat
640 2090 845 2170 praebiturum
867 2092 1006 2169 speciem,
1026 2091 1124 2171 ipsum
1141 2113 1247 2174 regem
1270 2096 1315 2157 illi
1333 2098 1367 2157 ri-

108 2217 165 2279 pae
185 2191 356 2274 praesidere
377 2208 434 2249 uec
455 2187 567 2266 agitare
587 2188 626 2247 de
645 2186 779 2247 transitu.
818 2181 949 2250 22Ηυίιιε,
970 2188 1090 2251 consilii
1111 2190 1252 2252 effectum
1273 2193 1366 2272 primo

108 2302 224 2356 morata
242 2292 403 2366 tempestas
423 2290 477 2360 est,
504 2304 574 2344 nrox
592 2282 712 2358 adiuvit,
739 2282 930 2345 incommoda
955 2304 1076 2366 quoque
1101 2286 1141 2346 ad
1161 2286 1264 2349 bonos
1285 2309 1367 2351 eveu-

108 2400 156 2455 tus
179 2391 313 2450 vertente
336 2383 466 2443 fortuna.
511 2376 699 2441 ²³Traiicere
724 2399 841 2440 amnem
864 2400 933 2441 cum
951 2382 1060 2443 ceteris
1088 2370 1187 2462 copiis
1216 2383 1248 2443 iu
1273 2386 1366 2464 regio

107 2508 176 2551 uem
199 2484 322 2557 insulae,
345 2481 382 2541 de
404 2499 463 2560 qua
483 2486 552 2541 ante
573 2476 687 2538 dictum
710 2482 764 2551 est,
782 2477 915 2554 parabat,
939 2498 1046 2541 averso
1069 2480 1156 2541 hoste
1178 2480 1217 2541 iu.
1230 2498 1298 2559 eos,
1321 2483 1366 2563 qui

108 2607 177 2649 cum
202 2582 374 2644 Ptolemaeo
404 2575 575 2635 inferiorem
604 2572 785 2634 obsederant
810 2571 923 2651 ripam;
956 2596 1048 2655 quum
1078 2576 1217 2655 procella
1244 2578 1366 2641 imbrem

107 2683 158 2742 vix
179 2679 235 2741 sub
262 2676 348 2738 tectis
369 2671 555 2734 tolerabilem
578 2669 709 2730 effundit.
753 2667 921 2749 Obrutique
946 2671 1055 2735 milites
1074 2673 1178 2735 nimbo
1205 2675 1237 2735 iu
1260 2683 1367 2739 terram

109 2780 292 2857 refugerunt,
324 2769 449 2848 navigiis
480 2767 653 2846 ratibusque
680 2765 815 2826 desertis.
859 2766 921 2826 Sed
952 2769 1196 2831 tumultuantium
1222 2772 1365 2849 fremitus,

108 2870 351 2953 obstrepentibus
370 2866 474 2941 ventis,
499 2864 536 2925 ab
560 2864 646 2925 hoste
666 2882 727 2923 uon
749 2869 868 2941 poterat
885 2864 991 2927 audiri.
1036 2860 1187 2927 ²⁴Deinde
1214 2878 1365 2931 momento

107 3075 145 3123 lt:
164 3069 251 3136 maqis.
266 3096 294 3104 -
317 3064 343 3125 8,
354 3064 394 3127 45,
411 3062 450 3114 15.
470 3063 673 3113 Enaoerant.
692 3062 730 3111 F..·
750 3067 926 3112 enataverunt.
959 3062 1049 3113 Enare
1059 3064 1163 3114 kommt
1178 3078 1230 3117 vor
1241 3064 1321 3131 9,36,
1331 3067 1364 3119 1⁰.

108 3168 139 3176 -
160 3140 186 3199 8,
206 3136 246 3198 45,
269 3132 307 3184 16.
329 3131 538 3181 Vorticibus.
561 3131 598 3180 R:
617 3128 763 3180 corticibus.

174 3224 258 3289 aab,
278 3220 318 3273 16.
357 3221 533 3271 Fiduciam
556 3220 678 3269 eremit.
713 3222 737 3270 S.
763 3234 797 3270 zu
813 3215 837 3281 4,
855 3216 896 3281 29,
918 3218 940 3269 1,
969 3247 997 3256 -
1026 3217 1171 3283 84613,
1205 3222 1365 3275 omnm,

107 3296 236 3348 turmis.
262 3294 301 3342 P:
323 3307 379 3340 cum
397 3288 509 3337 omnibns
527 3288 622 3337 trtrmis.
639 3316 671 3323 —
689 3286 820 3353 procat.
851 3289 890 3337 R:
915 3287 1062 3354 proculab.
1098 3290 1172 3339 Ohue
1188 3290 1302 3354 l'rapos,
1322 3308 1364 3359 ge.

105 3365 237 3415 wdhnlich
258 3361 303 3410 bui
322 3361 358 3418 (3.,
384 3372 405 3406 z.
428 3359 452 3406 B.
471 3355 494 3413 5,
513 3354 554 3414 18,
574 3353 622 3404 ld:
648 3354 744 3421 procul
767 3355 875 3421 Europa
895 3355 1010 3421 releqnti.
1031 3353 1057 3416 4,
1079 3354 1119 3417 13,
1137 3354 1162 3407 8,
1183 3354 1208 3419 4,
1235 3356 1279 3423 95,
1297 3358 1322 3412 3Ι
1342 3360 1373 3419 9,,

104 3433 148 3494 30,
166 3431 191 3483 3·
212 3428 238 3491 4,
255 3426 299 3488 49,
315 3424 338 3475 4.
359 3422 382 3486 4,
400 3423 443 3484 30,
465 3423 504 3473 15.
525 3420 548 3483 4,
566 3421 607 3484 33,
627 3422 648 3473 1.
684 3425 742 3473 Wie
763 3424 858 3473 hdcbst
875 3424 1096 3475 uacbdructrsvoll
1114 3424 1179 3475 aber
1199 3427 1244 3476 die
1264 3430 1366 3479 llinzu-

106 3504 204 3565 ittgung
229 3500 277 3549 der
303 3495 468 3556 Praposition
490 3493 576 3551 wirlrt,
602 3492 669 3541 lehrt
691 3506 711 3541 z.
731 3493 759 3540 Β.
778 3492 831 3541 biv.
857 3488 897 3552 Pl,
916 3488 957 3552 39,
984 3490 1032 3541 13:
1061 3490 1195 3540 Hannibal
1222 3502 1321 3546 eonem
1343 3498 1367 3545 a„

105 3568 201 3626 alana,
220 3567 248 3614 in
263 3561 349 3613 hostili
369 3568 426 3609 erat
450 3567 528 3621 terra,
555 3560 624 3608 inter
648 3559 733 3608 omnia
752 3559 857 3608 inimica
883 3559 1034 3625 insertaque,
1055 3558 1183 3627 procul
1200 3560 1239 3610 ab
1256 3564 1365 3625 donno,

104 3632 235 3705 procat
259 3631 298 3681 ab
315 3629 442 3697 patria.

172 3725 197 3787 ὃν
217 3722 260 3784 4⁶⁷
277 3721 319 3774 9⁰·
353 3720 431 3770 Iam·
465 3722 519 3770 1³⁰?
538 3720 667 3782 F⁰slil⁸¹¹tl
685 3719 733 3768 (ῙθΓ
749 3719 895 3782 ΕΐῑὲἱὴΙυῐὶε
918 3720 1054 3771 erschetnt
1074 3720 1148 3769 uiclrt
1166 3721 1281 3787 gehdrig
1302 3739 1366 3775 ver.

105 3798 216 3851 mittelt:
237 3791 370 3843 vielleicht
385 3791 422 3840 ist
440 3803 490 3839 vor
511 3785 662 3836 Alemander
679 3790 749 3837 etwa
768 3802 862 3851 qaum
880 3788 1049 3849 nusgelatlen.
1067 3814 1095 3823 -
1114 3786 1268 3841 diuerso.
1295 3794 1326 3843 Ι),
1344 3794 1365 3842 n,

104 3870 141 3918 im
168 3861 310 3927 ,lugesiebt
335 3860 383 3908 des
408 3856 566 3906 leindlioheu
593 3855 699 3905 Haeres.
723 3880 751 3890 —
785 3851 808 3914 Β,
828 3850 869 3914 46,
889 3850 932 3905 23.
960 3853 1000 3905 ln
1023 3854 1192 3920 reqionent
1213 3856 1365 3909 insulae.

104 3937 151 3986 Mit
168 3931 284 3982 Unroebt
298 3926 451 3977 termuthet
469 3938 545 3972 man:
576 3938 589 3969 e
612 3922 714 3993 rapinae
733 3920 839 3971 innuba.
875 3920 953 3986 Reqia
972 3923 1018 3972 bat
1041 3924 1109 3973 auctr
1132 3924 1191 3974 hier
1216 3926 1296 3981 scine
1317 3942 1367 3977 ur-

105 3999 273 4065 sprungttche
290 3997 463 4055 Bedeutung:
484 3991 619 4053 Ricbtung,
641 3991 683 4040 die
701 3988 744 4039 bei
760 3996 834 4038 reeta
849 3990 951 4053 neptune
968 3990 1131 4041 hervortrltt.
1150 3992 1175 4040 S.
1193 4004 1229 4041 au
1246 3990 1274 4053 6,
1288 3992 1314 4057 6,
1329 3993 1365 4046 13,

104 4071 164 4119 Alsa
182 4070 210 4117 in
229 4065 355 4130 reqionem
375 4058 489 4109 ineatur
509 4072 538 4108 er
560 4058 656 4107 suchtc
676 4061 728 4108 den
750 4057 904 4120 Uebergang
922 4057 990 4107 uber
1010 4058 1062 4108 den
1079 4058 1154 4109 Fluss
1172 4060 1200 4109 in
1220 4061 1271 4111 der
1284 4063 1367 4113 Rich.

104 4140 169 4199 tuug
186 4137 234 4185 der
246 4133 313 4183 lnsel
331 4145 364 4179 zu
383 4129 528 4179 bewirlren.
560 4125 634 4174 Ziebt
652 4139 714 4174 man
734 4125 802 4175 nach
815 4125 920 4174 andern
942 4125 985 4175 die
997 4124 1261 4191 Gruudbedeutuug:
1283 4130 1365 4183 Krete,

104 4205 232 4261 Umlrreis‚
256 4198 414 4262 Umgegend,
441 4208 496 4255 vor,
522 4206 553 4243 so
572 4194 642 4241 kann
657 4206 718 4242 man
738 4193 807 4242 auch
826 4194 961 4242 erkldren:
987 4206 1017 4242 er
1033 4194 1121 4244 wollte
1144 4196 1220 4245 scine
1238 4196 1365 4261 'Pruppen

105 4285 135 4320 so
157 4271 224 4320 uber
243 4270 295 4318 den
315 4267 390 4315 Fluss
415 4266 514 4321 setzeu,
542 4261 604 4310 dass
622 4273 651 4309 er
668 4260 715 4309 aul
731 4261 800 4317 dem.
830 4261 878 4309 der
898 4260 966 4309 lusel
988 4259 1189 4311 benacbbarten
1203 4264 1365 4329 jenseittgen

104 4338 163 4389 Uter
184 4336 296 4387 taudete.
316 4361 343 4369 -
377 4329 542 4394 affundit.
571 4328 612 4375 P:
633 4326 728 4390 effudit.
764 4329 811 4377 Dia
832 4326 1023 4391 Lebsndtglreit
1042 4328 1091 4378 der
1107 4330 1278 4394 Durstellung
1298 4334 1365 4382 wird

104 4406 189 4455 durch
207 4405 256 4453 das
274 4401 345 4451 Prils.
365 4399 466 4449 erhoht.
489 4424 516 4432 —
548 4394 666 4444 centis.
689 4395 728 4446 F.:
746 4396 817 4461 aspie.
845 4397 870 4445 S.
888 4396 944 4444 Liv.
963 4392 1004 4457 sl,
1023 4392 1067 4456 66,
1085 4392 1119 4445 8:
1137 4394 1365 4464 obstrepente

101 4470 233 4536 plania.

170 4558 194 4621 8,
212 4556 253 4620 46,
273 4557 314 4608 ll.
352 4556 483 4606 Deinde.
522 4556 548 4605 C.
568 4554 673 4605 scheint
693 4553 768 4604 nicht
791 4557 911 4616 gewusst
929 4567 962 4603 nu
985 4553 1081 4615 baben,
1106 4554 1170 4607 dass
1193 4555 1239 4607 die
1263 4557 1363 4609 Unum

104 4626 281 4691 nebmungin
308 4625 458 4677 derNaobt
478 4618 609 4684 (νυκτὸς
630 4619 819 4690 χιιμιρίου
844 4620 903 4671 nal
921 4617 1097 4690 ἀσελήνου
1124 4622 1193 4675 uaclr
1213 4622 1291 4687 Plut)
1309 4624 1362 4675 be-
