<?xml version="1.0" encoding="UTF-8"?>
<!DOCTYPE html PUBLIC "-//W3C//DTD XHTML 1.0 Transitional//EN"
    "http://www.w3.org/TR/xhtml1/DTD/xhtml1-transitional.dtd">
<html xmlns="http://www.w3.org/1999/xhtml" xml:lang="en" lang="en">
 <head>
  <title>
</title>
<meta http-equiv="Content-Type" content="text/html;charset=utf-8" />
  <meta name='ocr-system' content='tesseract 3.04.00' />
  <meta name='ocr-capabilities' content='ocr_page ocr_carea ocr_par ocr_line ocrx_word'/>
</head>
<body>
  <div class='ocr_page' id='page_1' title='image "./qcurtiirufidege00mtgoog_0241.png"; bbox 0 0 2820 4964; ppageno 0'>
   <div class='ocr_carea' id='block_1_1' title="bbox 129 146 1317 254">
    <p class='ocr_par' dir='ltr' id='par_1_1' title="bbox 129 146 1317 254">
     <span class='ocr_line' id='line_1_1' title="bbox 129 146 1317 254; baseline -0.001 -7"><span class='ocrx_word' id='word_1_1' title='bbox 129 187 197 254; x_wconf 88' lang='lat' dir='ltr'>vn.</span> <span class='ocrx_word' id='word_1_2' title='bbox 221 185 341 252; x_wconf 86' lang='lat' dir='ltr'>xxm.</span> <span class='ocrx_word' id='word_1_3' title='bbox 353 180 616 251; x_wconf 68' lang='grc' dir='ltr'><strong>ιιι-3313131.</strong></span> <span class='ocrx_word' id='word_1_4' title='bbox 627 183 762 247; x_wconf 77' lang='lat' dir='ltr'>ao-la</span> <span class='ocrx_word' id='word_1_5' title='bbox 774 146 979 247; x_wconf 67' lang='lat' dir='ltr'>xxxa-e</span> <span class='ocrx_word' id='word_1_6' title='bbox 989 180 1106 245; x_wconf 78' lang='lat' dir='ltr'>xxvi.</span> <span class='ocrx_word' id='word_1_7' title='bbox 1122 185 1169 246; x_wconf 92' lang='grc' dir='ltr'>ιο.</span> <span class='ocrx_word' id='word_1_8' title='bbox 1183 186 1231 246; x_wconf 92' lang='grc' dir='ltr'>ιι.</span> <span class='ocrx_word' id='word_1_9' title='bbox 1253 180 1317 246; x_wconf 76' lang='lat' dir='ltr'>aaa</span> 
     </span>
    </p>
   </div>
   <div class='ocr_carea' id='block_1_2' title="bbox 59 343 1321 2251">
    <p class='ocr_par' dir='ltr' id='par_1_2' title="bbox 59 343 1321 2251">
     <span class='ocr_line' id='line_1_2' title="bbox 60 343 1316 437; baseline -0.002 -21"><span class='ocrx_word' id='word_1_10' title='bbox 60 356 239 437; x_wconf 89' lang='lat' dir='ltr'>primuntur,</span> <span class='ocrx_word' id='word_1_11' title='bbox 261 354 424 436; x_wconf 79' lang='lat' dir='ltr'>pluresque</span> <span class='ocrx_word' id='word_1_12' title='bbox 444 350 525 432; x_wconf 89' lang='lat' dir='ltr'>capti</span> <span class='ocrx_word' id='word_1_13' title='bbox 545 358 623 428; x_wconf 89' lang='lat' dir='ltr'>sunt,</span> <span class='ocrx_word' id='word_1_14' title='bbox 645 368 734 432; x_wconf 89' lang='lat' dir='ltr'>quam</span> <span class='ocrx_word' id='word_1_15' title='bbox 755 348 863 412; x_wconf 88' lang='lat' dir='ltr'>occisi:</span> <span class='ocrx_word' id='word_1_16' title='bbox 887 343 1029 411; x_wconf 79' lang='lat' dir='ltr'>2barbari</span> <span class='ocrx_word' id='word_1_17' title='bbox 1051 357 1157 426; x_wconf 89' lang='lat' dir='ltr'>autem,</span> <span class='ocrx_word' id='word_1_18' title='bbox 1182 350 1316 430; x_wconf 87' lang='lat' dir='ltr'>captivos</span> 
     </span>
     <span class='ocr_line' id='line_1_3' title="bbox 60 447 1316 532; baseline -0.002 -20"><span class='ocrx_word' id='word_1_19' title='bbox 60 473 134 532; x_wconf 89' lang='lat' dir='ltr'>prae</span> <span class='ocrx_word' id='word_1_20' title='bbox 159 473 192 514; x_wconf 92' lang='lat' dir='ltr'>se</span> <span class='ocrx_word' id='word_1_21' title='bbox 219 456 350 531; x_wconf 69' lang='lat' dir='ltr'>agentes</span> <span class='ocrx_word' id='word_1_22' title='bbox 376 466 481 511; x_wconf 92' lang='lat' dir='ltr'>rursus</span> <span class='ocrx_word' id='word_1_23' title='bbox 509 450 539 508; x_wconf 92' lang='lat' dir='ltr'>in</span> <span class='ocrx_word' id='word_1_24' title='bbox 567 455 699 509; x_wconf 87' lang='lat' dir='ltr'>montem</span> <span class='ocrx_word' id='word_1_25' title='bbox 723 452 923 508; x_wconf 86' lang='lat' dir='ltr'>recesserunt.</span> <span class='ocrx_word' id='word_1_26' title='bbox 965 447 1033 506; x_wconf 89' lang='lat' dir='ltr'>XX</span> <span class='ocrx_word' id='word_1_27' title='bbox 1060 447 1142 508; x_wconf 86' lang='lat' dir='ltr'>milia</span> <span class='ocrx_word' id='word_1_28' title='bbox 1166 447 1316 510; x_wconf 89' lang='lat' dir='ltr'>latronum</span> 
     </span>
     <span class='ocr_line' id='line_1_4' title="bbox 60 536 1317 626; baseline -0.002 -18"><span class='ocrx_word' id='word_1_29' title='bbox 60 554 154 610; x_wconf 87' lang='lat' dir='ltr'>erant.</span> <span class='ocrx_word' id='word_1_30' title='bbox 197 548 311 608; x_wconf 86' lang='lat' dir='ltr'>Fundis</span> <span class='ocrx_word' id='word_1_31' title='bbox 332 546 506 626; x_wconf 82' lang='lat' dir='ltr'>sagittisque</span> <span class='ocrx_word' id='word_1_32' title='bbox 530 563 672 623; x_wconf 84' lang='lat' dir='ltr'>pugnam·</span> <span class='ocrx_word' id='word_1_33' title='bbox 689 542 840 604; x_wconf 85' lang='lat' dir='ltr'>invadunt.</span> <span class='ocrx_word' id='word_1_34' title='bbox 886 536 992 622; x_wconf 78' lang='lat' dir='ltr'>³Quos</span> <span class='ocrx_word' id='word_1_35' title='bbox 1013 543 1083 603; x_wconf 91' lang='lat' dir='ltr'>dum</span> <span class='ocrx_word' id='word_1_36' title='bbox 1110 543 1229 605; x_wconf 84' lang='lat' dir='ltr'>obsidet</span> <span class='ocrx_word' id='word_1_37' title='bbox 1254 564 1317 622; x_wconf 86' lang='lat' dir='ltr'>rex,</span> 
     </span>
     <span class='ocr_line' id='line_1_5' title="bbox 60 637 1319 723; baseline -0.001 -21"><span class='ocrx_word' id='word_1_38' title='bbox 60 642 139 703; x_wconf 92' lang='lat' dir='ltr'>inter</span> <span class='ocrx_word' id='word_1_39' title='bbox 160 643 401 723; x_wconf 89' lang='lat' dir='ltr'>promptissimos</span> <span class='ocrx_word' id='word_1_40' title='bbox 422 640 566 702; x_wconf 84' lang='lat' dir='ltr'>dimicans</span> <span class='ocrx_word' id='word_1_41' title='bbox 584 641 690 719; x_wconf 88' lang='lat' dir='ltr'>sagitta</span> <span class='ocrx_word' id='word_1_42' title='bbox 708 637 785 704; x_wconf 87' lang='lat' dir='ltr'>ictus</span> <span class='ocrx_word' id='word_1_43' title='bbox 803 643 857 714; x_wconf 90' lang='lat' dir='ltr'>est,</span> <span class='ocrx_word' id='word_1_44' title='bbox 879 657 958 718; x_wconf 90' lang='lat' dir='ltr'>quae</span> <span class='ocrx_word' id='word_1_45' title='bbox 978 637 1010 702; x_wconf 89' lang='lat' dir='ltr'>in</span> <span class='ocrx_word' id='word_1_46' title='bbox 1028 639 1128 700; x_wconf 89' lang='lat' dir='ltr'>medio</span> <span class='ocrx_word' id='word_1_47' title='bbox 1148 659 1237 701; x_wconf 91' lang='lat' dir='ltr'>crure</span> <span class='ocrx_word' id='word_1_48' title='bbox 1259 641 1319 702; x_wconf 87' lang='lat' dir='ltr'>fixa</span> 
     </span>
     <span class='ocr_line' id='line_1_6' title="bbox 60 730 1319 818; baseline 0.002 -22"><span class='ocrx_word' id='word_1_49' title='bbox 60 736 222 818; x_wconf 83' lang='lat' dir='ltr'>reliquerat</span> <span class='ocrx_word' id='word_1_50' title='bbox 237 739 395 818; x_wconf 89' lang='lat' dir='ltr'>spiculum.</span> <span class='ocrx_word' id='word_1_51' title='bbox 429 730 537 798; x_wconf 75' lang='lat' dir='ltr'>⁴lllum</span> <span class='ocrx_word' id='word_1_52' title='bbox 548 736 669 817; x_wconf 90' lang='lat' dir='ltr'>quidem</span> <span class='ocrx_word' id='word_1_53' title='bbox 683 732 788 794; x_wconf 86' lang='lat' dir='ltr'>maesti</span> <span class='ocrx_word' id='word_1_54' title='bbox 800 739 831 794; x_wconf 87' lang='lat' dir='ltr'>et</span> <span class='ocrx_word' id='word_1_55' title='bbox 842 734 960 795; x_wconf 83' lang='lat' dir='ltr'>attoniti</span> <span class='ocrx_word' id='word_1_56' title='bbox 971 735 1152 796; x_wconf 78' lang='lat' dir='ltr'>Macedones</span> <span class='ocrx_word' id='word_1_57' title='bbox 1166 735 1195 795; x_wconf 94' lang='lat' dir='ltr'>in</span> <span class='ocrx_word' id='word_1_58' title='bbox 1220 743 1319 799; x_wconf 83' lang='lat' dir='ltr'>castra</span> 
     </span>
     <span class='ocr_line' id='line_1_7' title="bbox 62 829 1318 911; baseline 0.002 -19"><span class='ocrx_word' id='word_1_59' title='bbox 62 834 244 896; x_wconf 85' lang='lat' dir='ltr'>referebant:</span> <span class='ocrx_word' id='word_1_60' title='bbox 267 835 391 897; x_wconf 86' lang='lat' dir='ltr'>seduco</span> <span class='ocrx_word' id='word_1_61' title='bbox 412 834 558 895; x_wconf 86' lang='lat' dir='ltr'>barbaros</span> <span class='ocrx_word' id='word_1_62' title='bbox 580 831 686 892; x_wconf 84' lang='lat' dir='ltr'>fefellit</span> <span class='ocrx_word' id='word_1_63' title='bbox 705 831 872 891; x_wconf 88' lang='lat' dir='ltr'>subductus</span> <span class='ocrx_word' id='word_1_64' title='bbox 893 848 932 890; x_wconf 90' lang='lat' dir='ltr'>ex</span> <span class='ocrx_word' id='word_1_65' title='bbox 950 829 1029 890; x_wconf 88' lang='lat' dir='ltr'>acie:</span> <span class='ocrx_word' id='word_1_66' title='bbox 1050 833 1161 911; x_wconf 89' lang='lat' dir='ltr'>quippe</span> <span class='ocrx_word' id='word_1_67' title='bbox 1181 852 1219 893; x_wconf 89' lang='lat' dir='ltr'>ex</span> <span class='ocrx_word' id='word_1_68' title='bbox 1236 834 1318 895; x_wconf 91' lang='lat' dir='ltr'>edito</span> 
     </span>
     <span class='ocr_line' id='line_1_8' title="bbox 59 916 1319 1009; baseline 0.001 -20"><span class='ocrx_word' id='word_1_69' title='bbox 59 937 163 991; x_wconf 89' lang='lat' dir='ltr'>monte</span> <span class='ocrx_word' id='word_1_70' title='bbox 184 937 291 991; x_wconf 90' lang='lat' dir='ltr'>cuncta</span> <span class='ocrx_word' id='word_1_71' title='bbox 309 935 537 1009; x_wconf 84' lang='lat' dir='ltr'>prospexerant.</span> <span class='ocrx_word' id='word_1_72' title='bbox 582 924 703 1006; x_wconf 83' lang='lat' dir='ltr'>⁵ltaque</span> <span class='ocrx_word' id='word_1_73' title='bbox 721 932 845 1005; x_wconf 88' lang='lat' dir='ltr'>postero</span> <span class='ocrx_word' id='word_1_74' title='bbox 871 927 919 987; x_wconf 90' lang='lat' dir='ltr'>die</span> <span class='ocrx_word' id='word_1_75' title='bbox 946 916 1056 986; x_wconf 85' lang='lat' dir='ltr'>miser&#39;e</span> <span class='ocrx_word' id='word_1_76' title='bbox 1078 927 1194 1006; x_wconf 87' lang='lat' dir='ltr'>legatos</span> <span class='ocrx_word' id='word_1_77' title='bbox 1215 931 1254 990; x_wconf 88' lang='lat' dir='ltr'>ad</span> <span class='ocrx_word' id='word_1_78' title='bbox 1271 949 1319 991; x_wconf 91' lang='lat' dir='ltr'>re-</span> 
     </span>
     <span class='ocr_line' id='line_1_9' title="bbox 59 1021 1319 1105; baseline 0.002 -20"><span class='ocrx_word' id='word_1_79' title='bbox 59 1045 139 1104; x_wconf 86' lang='lat' dir='ltr'>gem,</span> <span class='ocrx_word' id='word_1_80' title='bbox 170 1045 248 1105; x_wconf 92' lang='lat' dir='ltr'>quos</span> <span class='ocrx_word' id='word_1_81' title='bbox 273 1025 323 1085; x_wconf 88' lang='lat' dir='ltr'>ille</span> <span class='ocrx_word' id='word_1_82' title='bbox 347 1025 486 1105; x_wconf 89' lang='lat' dir='ltr'>protinus</span> <span class='ocrx_word' id='word_1_83' title='bbox 513 1022 600 1085; x_wconf 90' lang='lat' dir='ltr'>iussit</span> <span class='ocrx_word' id='word_1_84' title='bbox 626 1021 748 1098; x_wconf 88' lang='lat' dir='ltr'>admitti,</span> <span class='ocrx_word' id='word_1_85' title='bbox 774 1021 940 1103; x_wconf 91' lang='lat' dir='ltr'>solutisque</span> <span class='ocrx_word' id='word_1_86' title='bbox 965 1022 1066 1083; x_wconf 81' lang='lat' dir='ltr'>fasciis</span> <span class='ocrx_word' id='word_1_87' title='bbox 1087 1027 1319 1103; x_wconf 82' lang='lat' dir='ltr'>magnitudinem</span> 
     </span>
     <span class='ocr_line' id='line_1_10' title="bbox 59 1113 1318 1198; baseline 0.002 -17"><span class='ocrx_word' id='word_1_88' title='bbox 59 1120 194 1181; x_wconf 89' lang='lat' dir='ltr'>vulneris</span> <span class='ocrx_word' id='word_1_89' title='bbox 217 1121 414 1198; x_wconf 87' lang='lat' dir='ltr'>dissimulans,</span> <span class='ocrx_word' id='word_1_90' title='bbox 442 1139 511 1182; x_wconf 93' lang='lat' dir='ltr'>crus</span> <span class='ocrx_word' id='word_1_91' title='bbox 534 1118 668 1180; x_wconf 86' lang='lat' dir='ltr'>barbaris</span> <span class='ocrx_word' id='word_1_92' title='bbox 687 1118 827 1180; x_wconf 88' lang='lat' dir='ltr'>ostendit.</span> <span class='ocrx_word' id='word_1_93' title='bbox 873 1113 940 1181; x_wconf 76' lang='lat' dir='ltr'>6llli</span> <span class='ocrx_word' id='word_1_94' title='bbox 960 1118 1034 1180; x_wconf 88' lang='lat' dir='ltr'>iussi</span> <span class='ocrx_word' id='word_1_95' title='bbox 1056 1121 1216 1181; x_wconf 90' lang='lat' dir='ltr'>considere</span> <span class='ocrx_word' id='word_1_96' title='bbox 1237 1123 1318 1183; x_wconf 64' lang='lat' dir='ltr'>affirss</span> 
     </span>
     <span class='ocr_line' id='line_1_11' title="bbox 59 1209 1319 1296; baseline 0.002 -20"><span class='ocrx_word' id='word_1_97' title='bbox 59 1223 150 1293; x_wconf 89' lang='lat' dir='ltr'>mant,</span> <span class='ocrx_word' id='word_1_98' title='bbox 181 1237 243 1278; x_wconf 92' lang='lat' dir='ltr'>non</span> <span class='ocrx_word' id='word_1_99' title='bbox 274 1219 465 1294; x_wconf 84' lang='lat' dir='ltr'>Macedones,</span> <span class='ocrx_word' id='word_1_100' title='bbox 500 1235 589 1296; x_wconf 90' lang='lat' dir='ltr'>quam</span> <span class='ocrx_word' id='word_1_101' title='bbox 619 1209 705 1294; x_wconf 84' lang='lat' dir='ltr'>ipsos</span> <span class='ocrx_word' id='word_1_102' title='bbox 737 1213 885 1275; x_wconf 83' lang='lat' dir='ltr'>tristiores</span> <span class='ocrx_word' id='word_1_103' title='bbox 917 1214 1010 1275; x_wconf 88' lang='lat' dir='ltr'>fuisse</span> <span class='ocrx_word' id='word_1_104' title='bbox 1043 1216 1165 1295; x_wconf 83' lang='lat' dir='ltr'>cognito</span> <span class='ocrx_word' id='word_1_105' title='bbox 1195 1218 1319 1279; x_wconf 84' lang='lat' dir='ltr'>vulnere</span> 
     </span>
     <span class='ocr_line' id='line_1_12' title="bbox 60 1310 1319 1391; baseline 0.002 -19"><span class='ocrx_word' id='word_1_106' title='bbox 60 1312 170 1391; x_wconf 88' lang='lat' dir='ltr'>ipsius:</span> <span class='ocrx_word' id='word_1_107' title='bbox 192 1313 278 1374; x_wconf 91' lang='lat' dir='ltr'>cuius</span> <span class='ocrx_word' id='word_1_108' title='bbox 297 1313 324 1374; x_wconf 92' lang='lat' dir='ltr'>si</span> <span class='ocrx_word' id='word_1_109' title='bbox 345 1320 499 1375; x_wconf 87' lang='lat' dir='ltr'>auctorem</span> <span class='ocrx_word' id='word_1_110' title='bbox 519 1310 733 1390; x_wconf 90' lang='lat' dir='ltr'>repperissent,</span> <span class='ocrx_word' id='word_1_111' title='bbox 764 1310 919 1371; x_wconf 87' lang='lat' dir='ltr'>dedituros</span> <span class='ocrx_word' id='word_1_112' title='bbox 940 1311 1042 1386; x_wconf 83' lang='lat' dir='ltr'>fuisse,</span> <span class='ocrx_word' id='word_1_113' title='bbox 1073 1330 1141 1373; x_wconf 90' lang='lat' dir='ltr'>cum</span> <span class='ocrx_word' id='word_1_114' title='bbox 1164 1314 1223 1374; x_wconf 91' lang='lat' dir='ltr'>diis</span> <span class='ocrx_word' id='word_1_115' title='bbox 1240 1315 1319 1375; x_wconf 90' lang='lat' dir='ltr'>enim</span> 
     </span>
     <span class='ocr_line' id='line_1_13' title="bbox 60 1404 1320 1488; baseline 0.002 -19"><span class='ocrx_word' id='word_1_116' title='bbox 60 1428 195 1488; x_wconf 87' lang='lat' dir='ltr'>pugnare</span> <span class='ocrx_word' id='word_1_117' title='bbox 220 1409 383 1488; x_wconf 82' lang='lat' dir='ltr'>sacrilegos</span> <span class='ocrx_word' id='word_1_118' title='bbox 406 1414 527 1471; x_wconf 89' lang='lat' dir='ltr'>tantum.</span> <span class='ocrx_word' id='word_1_119' title='bbox 570 1404 733 1468; x_wconf 82' lang='lat' dir='ltr'>⁷Oeterum</span> <span class='ocrx_word' id='word_1_120' title='bbox 753 1423 788 1465; x_wconf 85' lang='lat' dir='ltr'>se</span> <span class='ocrx_word' id='word_1_121' title='bbox 812 1412 931 1484; x_wconf 84' lang='lat' dir='ltr'>gentem</span> <span class='ocrx_word' id='word_1_122' title='bbox 958 1407 989 1468; x_wconf 91' lang='lat' dir='ltr'>in</span> <span class='ocrx_word' id='word_1_123' title='bbox 1010 1409 1099 1469; x_wconf 88' lang='lat' dir='ltr'>fidem</span> <span class='ocrx_word' id='word_1_124' title='bbox 1120 1409 1238 1484; x_wconf 88' lang='lat' dir='ltr'>dedere,</span> <span class='ocrx_word' id='word_1_125' title='bbox 1270 1429 1320 1471; x_wconf 90' lang='lat' dir='ltr'>su-</span> 
     </span>
     <span class='ocr_line' id='line_1_14' title="bbox 60 1499 1319 1584; baseline 0.001 -19"><span class='ocrx_word' id='word_1_126' title='bbox 60 1511 183 1584; x_wconf 89' lang='lat' dir='ltr'>peratos</span> <span class='ocrx_word' id='word_1_127' title='bbox 195 1506 304 1566; x_wconf 90' lang='lat' dir='ltr'>virtute</span> <span class='ocrx_word' id='word_1_128' title='bbox 315 1506 404 1568; x_wconf 89' lang='lat' dir='ltr'>illius.</span> <span class='ocrx_word' id='word_1_129' title='bbox 433 1506 509 1577; x_wconf 86' lang='lat' dir='ltr'>Rex,</span> <span class='ocrx_word' id='word_1_130' title='bbox 524 1502 583 1562; x_wconf 84' lang='lat' dir='ltr'>fide</span> <span class='ocrx_word' id='word_1_131' title='bbox 595 1502 663 1562; x_wconf 89' lang='lat' dir='ltr'>data</span> <span class='ocrx_word' id='word_1_132' title='bbox 677 1508 706 1562; x_wconf 88' lang='lat' dir='ltr'>et</span> <span class='ocrx_word' id='word_1_133' title='bbox 717 1499 842 1579; x_wconf 86' lang='lat' dir='ltr'>captivis</span> <span class='ocrx_word' id='word_1_134' title='bbox 858 1503 995 1580; x_wconf 90' lang='lat' dir='ltr'>receptis,</span> <span class='ocrx_word' id='word_1_135' title='bbox 1020 1512 1139 1582; x_wconf 88' lang='lat' dir='ltr'>gentem</span> <span class='ocrx_word' id='word_1_136' title='bbox 1151 1504 1182 1564; x_wconf 92' lang='lat' dir='ltr'>in</span> <span class='ocrx_word' id='word_1_137' title='bbox 1194 1506 1319 1568; x_wconf 75' lang='lat' dir='ltr'>deditio</span> 
     </span>
     <span class='ocr_line' id='line_1_15' title="bbox 60 1588 1319 1680; baseline 0.002 -20"><span class='ocrx_word' id='word_1_138' title='bbox 60 1620 129 1660; x_wconf 90' lang='lat' dir='ltr'>nem</span> <span class='ocrx_word' id='word_1_139' title='bbox 144 1601 268 1679; x_wconf 89' lang='lat' dir='ltr'>accepit.</span> <span class='ocrx_word' id='word_1_140' title='bbox 306 1595 446 1662; x_wconf 79' lang='lat' dir='ltr'>8Castris</span> <span class='ocrx_word' id='word_1_141' title='bbox 458 1600 526 1660; x_wconf 87' lang='lat' dir='ltr'>inde</span> <span class='ocrx_word' id='word_1_142' title='bbox 541 1598 632 1661; x_wconf 88' lang='lat' dir='ltr'>motis</span> <span class='ocrx_word' id='word_1_143' title='bbox 641 1588 749 1659; x_wconf 88' lang='lat' dir='ltr'>lectica</span> <span class='ocrx_word' id='word_1_144' title='bbox 772 1596 893 1657; x_wconf 90' lang='lat' dir='ltr'>militari</span> <span class='ocrx_word' id='word_1_145' title='bbox 913 1597 1071 1675; x_wconf 81' lang='lat' dir='ltr'>ferebatur,</span> <span class='ocrx_word' id='word_1_146' title='bbox 1092 1620 1181 1680; x_wconf 90' lang='lat' dir='ltr'>quam</span> <span class='ocrx_word' id='word_1_147' title='bbox 1202 1620 1259 1680; x_wconf 93' lang='lat' dir='ltr'>pro</span> <span class='ocrx_word' id='word_1_148' title='bbox 1286 1621 1319 1662; x_wconf 91' lang='grc'>33</span> 
     </span>
     <span class='ocr_line' id='line_1_16' title="bbox 61 1693 1319 1781; baseline 0.002 -24"><span class='ocrx_word' id='word_1_149' title='bbox 61 1697 188 1779; x_wconf 87' lang='lat' dir='ltr'>quisque</span> <span class='ocrx_word' id='word_1_150' title='bbox 206 1717 298 1777; x_wconf 88' lang='lat' dir='ltr'>eques</span> <span class='ocrx_word' id='word_1_151' title='bbox 318 1698 472 1781; x_wconf 74' lang='lat' dir='ltr'>pedesque</span> <span class='ocrx_word' id='word_1_152' title='bbox 491 1694 593 1756; x_wconf 92' lang='lat' dir='ltr'>subire</span> <span class='ocrx_word' id='word_1_153' title='bbox 610 1694 772 1756; x_wconf 85' lang='lat' dir='ltr'>certabant.</span> <span class='ocrx_word' id='word_1_154' title='bbox 804 1693 937 1774; x_wconf 87' lang='lat' dir='ltr'>Equites,</span> <span class='ocrx_word' id='word_1_155' title='bbox 959 1716 1027 1756; x_wconf 91' lang='lat' dir='ltr'>cum</span> <span class='ocrx_word' id='word_1_156' title='bbox 1043 1697 1150 1776; x_wconf 92' lang='lat' dir='ltr'>quibus</span> <span class='ocrx_word' id='word_1_157' title='bbox 1163 1709 1216 1756; x_wconf 86' lang='lat' dir='ltr'>rex</span> <span class='ocrx_word' id='word_1_158' title='bbox 1230 1706 1319 1776; x_wconf 73' lang='lat' dir='ltr'>proe</span> 
     </span>
     <span class='ocr_line' id='line_1_17' title="bbox 60 1790 1320 1875; baseline 0.003 -24"><span class='ocrx_word' id='word_1_159' title='bbox 60 1791 102 1854; x_wconf 83' lang='lat' dir='ltr'>lia</span> <span class='ocrx_word' id='word_1_160' title='bbox 123 1791 197 1853; x_wconf 89' lang='lat' dir='ltr'>inire</span> <span class='ocrx_word' id='word_1_161' title='bbox 216 1793 322 1855; x_wconf 89' lang='lat' dir='ltr'>solitus</span> <span class='ocrx_word' id='word_1_162' title='bbox 335 1800 407 1870; x_wconf 90' lang='lat' dir='ltr'>erat,</span> <span class='ocrx_word' id='word_1_163' title='bbox 429 1792 476 1854; x_wconf 88' lang='lat' dir='ltr'>sui</span> <span class='ocrx_word' id='word_1_164' title='bbox 494 1790 626 1875; x_wconf 89' lang='lat' dir='ltr'>muueris</span> <span class='ocrx_word' id='word_1_165' title='bbox 645 1791 677 1851; x_wconf 92' lang='lat' dir='ltr'>id</span> <span class='ocrx_word' id='word_1_166' title='bbox 688 1810 755 1852; x_wconf 89' lang='lat' dir='ltr'>esse</span> <span class='ocrx_word' id='word_1_167' title='bbox 768 1791 945 1852; x_wconf 85' lang='lat' dir='ltr'>censebant:</span> <span class='ocrx_word' id='word_1_168' title='bbox 967 1792 1084 1870; x_wconf 92' lang='lat' dir='ltr'>pedites</span> <span class='ocrx_word' id='word_1_169' title='bbox 1100 1799 1213 1869; x_wconf 90' lang='lat' dir='ltr'>contra,</span> <span class='ocrx_word' id='word_1_170' title='bbox 1228 1814 1320 1874; x_wconf 88' lang='lat' dir='ltr'>quum</span> 
     </span>
     <span class='ocr_line' id='line_1_18' title="bbox 61 1887 1320 1969; baseline 0.004 -22"><span class='ocrx_word' id='word_1_171' title='bbox 61 1888 182 1949; x_wconf 87' lang='lat' dir='ltr'>saucios</span> <span class='ocrx_word' id='word_1_172' title='bbox 203 1891 421 1952; x_wconf 89' lang='lat' dir='ltr'>commilitones</span> <span class='ocrx_word' id='word_1_173' title='bbox 441 1888 500 1968; x_wconf 88' lang='lat' dir='ltr'>ipsi</span> <span class='ocrx_word' id='word_1_174' title='bbox 522 1894 640 1968; x_wconf 87' lang='lat' dir='ltr'>gestare</span> <span class='ocrx_word' id='word_1_175' title='bbox 658 1888 869 1962; x_wconf 87' lang='lat' dir='ltr'>assuevissent,</span> <span class='ocrx_word' id='word_1_176' title='bbox 895 1887 972 1966; x_wconf 91' lang='lat' dir='ltr'>eripi</span> <span class='ocrx_word' id='word_1_177' title='bbox 995 1889 1051 1950; x_wconf 92' lang='lat' dir='ltr'>sibi</span> <span class='ocrx_word' id='word_1_178' title='bbox 1069 1890 1226 1969; x_wconf 92' lang='lat' dir='ltr'>proprium</span> <span class='ocrx_word' id='word_1_179' title='bbox 1254 1892 1320 1952; x_wconf 85' lang='lat' dir='ltr'>olli-</span> 
     </span>
     <span class='ocr_line' id='line_1_19' title="bbox 61 1981 1319 2066; baseline 0.003 -23"><span class='ocrx_word' id='word_1_180' title='bbox 61 1984 140 2043; x_wconf 79' lang='lat' dir='ltr'>ciunt</span> <span class='ocrx_word' id='word_1_181' title='bbox 160 1991 223 2046; x_wconf 89' lang='lat' dir='ltr'>tum</span> <span class='ocrx_word' id='word_1_182' title='bbox 244 1987 441 2065; x_wconf 88' lang='lat' dir='ltr'>potissimum,</span> <span class='ocrx_word' id='word_1_183' title='bbox 472 2005 564 2066; x_wconf 91' lang='lat' dir='ltr'>quum</span> <span class='ocrx_word' id='word_1_184' title='bbox 584 2003 638 2045; x_wconf 90' lang='lat' dir='ltr'>rex</span> <span class='ocrx_word' id='word_1_185' title='bbox 659 1986 820 2063; x_wconf 82' lang='lat' dir='ltr'>gestandus</span> <span class='ocrx_word' id='word_1_186' title='bbox 851 1991 939 2060; x_wconf 91' lang='lat' dir='ltr'>esset,</span> <span class='ocrx_word' id='word_1_187' title='bbox 969 1986 1177 2065; x_wconf 86' lang='lat' dir='ltr'>querebantur.</span> <span class='ocrx_word' id='word_1_188' title='bbox 1224 1981 1319 2064; x_wconf 79' lang='lat' dir='ltr'>⁹Rex,</span> 
     </span>
     <span class='ocr_line' id='line_1_20' title="bbox 61 2079 1321 2164; baseline 0.006 -26"><span class='ocrx_word' id='word_1_189' title='bbox 61 2079 93 2138; x_wconf 93' lang='lat' dir='ltr'>in</span> <span class='ocrx_word' id='word_1_190' title='bbox 113 2087 195 2140; x_wconf 89' lang='lat' dir='ltr'>tanto</span> <span class='ocrx_word' id='word_1_191' title='bbox 215 2082 371 2162; x_wconf 89' lang='lat' dir='ltr'>utriusque</span> <span class='ocrx_word' id='word_1_192' title='bbox 394 2083 487 2161; x_wconf 89' lang='lat' dir='ltr'>partis</span> <span class='ocrx_word' id='word_1_193' title='bbox 510 2081 672 2141; x_wconf 84' lang='lat' dir='ltr'>certamine</span> <span class='ocrx_word' id='word_1_194' title='bbox 699 2086 730 2140; x_wconf 91' lang='lat' dir='ltr'>et</span> <span class='ocrx_word' id='word_1_195' title='bbox 757 2081 814 2141; x_wconf 93' lang='lat' dir='ltr'>sibi</span> <span class='ocrx_word' id='word_1_196' title='bbox 836 2081 988 2142; x_wconf 81' lang='lat' dir='ltr'>difficilem</span> <span class='ocrx_word' id='word_1_197' title='bbox 1017 2089 1047 2142; x_wconf 91' lang='lat' dir='ltr'>et</span> <span class='ocrx_word' id='word_1_198' title='bbox 1067 2083 1235 2162; x_wconf 85' lang='lat' dir='ltr'>praeteritis</span> <span class='ocrx_word' id='word_1_199' title='bbox 1255 2104 1321 2164; x_wconf 85' lang='lat' dir='ltr'>gra-</span> 
     </span>
     <span class='ocr_line' id='line_1_21' title="bbox 60 2173 1214 2251; baseline 0.002 -15"><span class='ocrx_word' id='word_1_200' title='bbox 60 2194 130 2236; x_wconf 83' lang='lat' dir='ltr'>vem</span> <span class='ocrx_word' id='word_1_201' title='bbox 154 2173 331 2236; x_wconf 86' lang='lat' dir='ltr'>electionem</span> <span class='ocrx_word' id='word_1_202' title='bbox 353 2179 485 2237; x_wconf 85' lang='lat' dir='ltr'>futuram</span> <span class='ocrx_word' id='word_1_203' title='bbox 504 2183 595 2251; x_wconf 77' lang='lat' dir='ltr'>ratuS,</span> <span class='ocrx_word' id='word_1_204' title='bbox 618 2175 745 2235; x_wconf 88' lang='lat' dir='ltr'>invicem</span> <span class='ocrx_word' id='word_1_205' title='bbox 766 2175 867 2235; x_wconf 87' lang='lat' dir='ltr'>subire</span> <span class='ocrx_word' id='word_1_206' title='bbox 888 2195 943 2238; x_wconf 84' lang='lat' dir='ltr'>eos</span> <span class='ocrx_word' id='word_1_207' title='bbox 964 2177 1058 2241; x_wconf 87' lang='lat' dir='ltr'>iussit.</span> <span class='ocrx_word' id='word_1_208' title='bbox 1107 2212 1111 2217; x_wconf 93' lang='lat'><em>·</em></span> <span class='ocrx_word' id='word_1_209' title='bbox 1210 2210 1214 2217; x_wconf 93' lang='lat'>·</span> 
     </span>
    </p>
   </div>
   <div class='ocr_carea' id='block_1_3' title="bbox 60 2279 1321 2658">
    <p class='ocr_par' dir='ltr' id='par_1_3' title="bbox 60 2279 1321 2557">
     <span class='ocr_line' id='line_1_22' title="bbox 145 2279 1319 2364; baseline 0.014 -26"><span class='ocrx_word' id='word_1_210' title='bbox 145 2280 265 2342; x_wconf 89' lang='lat' dir='ltr'>XXVI.</span> <span class='ocrx_word' id='word_1_211' title='bbox 310 2279 422 2340; x_wconf 86' lang='lat' dir='ltr'>¹⁰llinc</span> <span class='ocrx_word' id='word_1_212' title='bbox 453 2290 559 2362; x_wconf 88' lang='lat' dir='ltr'>quarto</span> <span class='ocrx_word' id='word_1_213' title='bbox 586 2283 634 2343; x_wconf 91' lang='lat' dir='ltr'>die</span> <span class='ocrx_word' id='word_1_214' title='bbox 661 2283 700 2342; x_wconf 86' lang='lat' dir='ltr'>ad</span> <span class='ocrx_word' id='word_1_215' title='bbox 728 2282 835 2342; x_wconf 90' lang='lat' dir='ltr'>urbem</span> <span class='ocrx_word' id='word_1_216' title='bbox 861 2284 1041 2347; x_wconf 86' lang='lat' dir='ltr'>Maracanda</span> <span class='ocrx_word' id='word_1_217' title='bbox 1067 2294 1242 2364; x_wconf 87' lang='lat' dir='ltr'>perventum</span> <span class='ocrx_word' id='word_1_218' title='bbox 1266 2292 1319 2354; x_wconf 90' lang='lat' dir='ltr'>est.</span> 
     </span>
     <span class='ocr_line' id='line_1_23' title="bbox 60 2375 1321 2463; baseline 0.005 -23"><span class='ocrx_word' id='word_1_219' title='bbox 60 2378 155 2441; x_wconf 90' lang='lat' dir='ltr'>LXX</span> <span class='ocrx_word' id='word_1_220' title='bbox 174 2375 269 2438; x_wconf 83' lang='lat' dir='ltr'>stadia</span> <span class='ocrx_word' id='word_1_221' title='bbox 287 2395 390 2437; x_wconf 91' lang='lat' dir='ltr'>murus</span> <span class='ocrx_word' id='word_1_222' title='bbox 410 2378 493 2437; x_wconf 94' lang='lat' dir='ltr'>urbis</span> <span class='ocrx_word' id='word_1_223' title='bbox 513 2377 715 2455; x_wconf 89' lang='lat' dir='ltr'>amplectitur:</span> <span class='ocrx_word' id='word_1_224' title='bbox 740 2397 795 2436; x_wconf 85' lang='lat' dir='ltr'>arx</span> <span class='ocrx_word' id='word_1_225' title='bbox 817 2378 876 2440; x_wconf 90' lang='lat' dir='ltr'>alio</span> <span class='ocrx_word' id='word_1_226' title='bbox 889 2379 1019 2459; x_wconf 89' lang='lat' dir='ltr'>cingitur</span> <span class='ocrx_word' id='word_1_227' title='bbox 1035 2401 1133 2442; x_wconf 89' lang='lat' dir='ltr'>muro.</span> <span class='ocrx_word' id='word_1_228' title='bbox 1176 2384 1222 2444; x_wconf 87' lang='lat' dir='ltr'>Ac</span> <span class='ocrx_word' id='word_1_229' title='bbox 1234 2405 1321 2463; x_wconf 89' lang='lat' dir='ltr'>prae-</span> 
     </span>
     <span class='ocr_line' id='line_1_24' title="bbox 62 2470 1067 2557; baseline 0.002 -22"><span class='ocrx_word' id='word_1_230' title='bbox 62 2477 140 2540; x_wconf 89' lang='lat' dir='ltr'>sidio</span> <span class='ocrx_word' id='word_1_231' title='bbox 160 2473 229 2534; x_wconf 89' lang='lat' dir='ltr'>urbi</span> <span class='ocrx_word' id='word_1_232' title='bbox 252 2470 367 2548; x_wconf 93' lang='lat' dir='ltr'>relicto,</span> <span class='ocrx_word' id='word_1_233' title='bbox 390 2472 544 2551; x_wconf 90' lang='lat' dir='ltr'>proximos</span> <span class='ocrx_word' id='word_1_234' title='bbox 564 2472 649 2534; x_wconf 87' lang='lat' dir='ltr'>vicos</span> <span class='ocrx_word' id='word_1_235' title='bbox 671 2473 874 2550; x_wconf 90' lang='lat' dir='ltr'>depopulatur</span> <span class='ocrx_word' id='word_1_236' title='bbox 893 2481 981 2557; x_wconf 87' lang='lat' dir='ltr'>atque</span> <span class='ocrx_word' id='word_1_237' title='bbox 999 2477 1067 2538; x_wconf 91' lang='lat' dir='ltr'>urit.</span> 
     </span>
    </p>

    <p class='ocr_par' dir='ltr' id='par_1_4' title="bbox 139 2563 1320 2658">
     <span class='ocr_line' id='line_1_25' title="bbox 139 2563 1320 2658; baseline 0.006 -28"><span class='ocrx_word' id='word_1_238' title='bbox 139 2563 160 2606; x_wconf 87' lang='lat'>¹¹</span> <span class='ocrx_word' id='word_1_239' title='bbox 168 2568 272 2649; x_wconf 87' lang='lat' dir='ltr'>Legati</span> <span class='ocrx_word' id='word_1_240' title='bbox 301 2567 409 2629; x_wconf 90' lang='lat' dir='ltr'>deinde</span> <span class='ocrx_word' id='word_1_241' title='bbox 435 2569 582 2631; x_wconf 88' lang='lat' dir='ltr'>Abiorum</span> <span class='ocrx_word' id='word_1_242' title='bbox 606 2569 788 2648; x_wconf 83' lang='lat' dir='ltr'>Scytharum</span> <span class='ocrx_word' id='word_1_243' title='bbox 817 2571 1042 2650; x_wconf 88' lang='lat' dir='ltr'>superveniunt,</span> <span class='ocrx_word' id='word_1_244' title='bbox 1071 2572 1167 2651; x_wconf 92' lang='lat' dir='ltr'>liberi,</span> <span class='ocrx_word' id='word_1_245' title='bbox 1194 2594 1233 2637; x_wconf 92' lang='lat' dir='ltr'>ex</span> <span class='ocrx_word' id='word_1_246' title='bbox 1258 2597 1320 2658; x_wconf 91' lang='lat' dir='ltr'>quo</span> 
     </span>
    </p>
   </div>
   <div class='ocr_carea' id='block_1_4' title="bbox 63 2835 1340 3173">
    <p class='ocr_par' dir='ltr' id='par_1_5' title="bbox 63 2835 1340 3173">
     <span class='ocr_line' id='line_1_26' title="bbox 131 2835 1340 2903; baseline 0.003 -14"><span class='ocrx_word' id='word_1_247' title='bbox 131 2839 157 2900; x_wconf 85' lang='lat'>7,</span> <span class='ocrx_word' id='word_1_248' title='bbox 174 2837 216 2901; x_wconf 86' lang='grc'>25,</span> <span class='ocrx_word' id='word_1_249' title='bbox 236 2836 261 2889; x_wconf 89' lang='grc'>2.</span> <span class='ocrx_word' id='word_1_250' title='bbox 298 2835 498 2898; x_wconf 69' lang='lat' dir='ltr'>Latronem,</span> <span class='ocrx_word' id='word_1_251' title='bbox 518 2838 546 2886; x_wconf 89' lang='lat' dir='ltr'>in</span> <span class='ocrx_word' id='word_1_252' title='bbox 562 2837 883 2903; x_wconf 74' lang='lat' dir='ltr'>einseitigernuffassung</span> <span class='ocrx_word' id='word_1_253' title='bbox 901 2838 956 2889; x_wconf 91' lang='lat' dir='ltr'>und</span> <span class='ocrx_word' id='word_1_254' title='bbox 972 2839 1022 2888; x_wconf 90' lang='lat' dir='ltr'>mit</span> <span class='ocrx_word' id='word_1_255' title='bbox 1036 2839 1201 2903; x_wconf 80' lang='lat' dir='ltr'>geha&#39;ssigem</span> <span class='ocrx_word' id='word_1_256' title='bbox 1210 2841 1340 2893; x_wconf 91' lang='lat' dir='ltr'>Neben-·</span> 
     </span>
     <span class='ocr_line' id='line_1_27' title="bbox 63 2905 1320 2970; baseline 0.003 -13"><span class='ocrx_word' id='word_1_257' title='bbox 63 2909 165 2970; x_wconf 80' lang='lat' dir='ltr'>begrill,</span> <span class='ocrx_word' id='word_1_258' title='bbox 193 2921 237 2955; x_wconf 90' lang='lat' dir='ltr'>um</span> <span class='ocrx_word' id='word_1_259' title='bbox 258 2906 306 2955; x_wconf 87' lang='lat' dir='ltr'>das</span> <span class='ocrx_word' id='word_1_260' title='bbox 323 2905 542 2956; x_wconf 78' lang='lat' dir='ltr'>Aulrtlhrerische</span> <span class='ocrx_word' id='word_1_261' title='bbox 566 2906 594 2954; x_wconf 91' lang='lat' dir='ltr'>in</span> <span class='ocrx_word' id='word_1_262' title='bbox 620 2907 681 2956; x_wconf 91' lang='lat' dir='ltr'>dem</span> <span class='ocrx_word' id='word_1_263' title='bbox 701 2906 847 2956; x_wconf 85' lang='lat' dir='ltr'>Verlahron</span> <span class='ocrx_word' id='word_1_264' title='bbox 864 2909 942 2969; x_wconf 86' lang='lat' dir='ltr'>jener</span> <span class='ocrx_word' id='word_1_265' title='bbox 962 2907 1065 2957; x_wconf 80' lang='lat' dir='ltr'>sta‘rlrer</span> <span class='ocrx_word' id='word_1_266' title='bbox 1091 2921 1125 2956; x_wconf 91' lang='lat' dir='ltr'>zu</span> <span class='ocrx_word' id='word_1_267' title='bbox 1151 2907 1320 2961; x_wconf 84' lang='lat' dir='ltr'>bezeichnen.</span> 
     </span>
     <span class='ocr_line' id='line_1_28' title="bbox 64 2970 1321 3053; baseline 0.003 -29"><span class='ocrx_word' id='word_1_268' title='bbox 64 2979 99 3024; x_wconf 88' lang='lat' dir='ltr'>so</span> <span class='ocrx_word' id='word_1_269' title='bbox 120 2976 191 3025; x_wconf 92' lang='lat' dir='ltr'>steht</span> <span class='ocrx_word' id='word_1_270' title='bbox 211 2973 279 3022; x_wconf 84' lang='lat' dir='ltr'>latro</span> <span class='ocrx_word' id='word_1_271' title='bbox 297 2972 359 3022; x_wconf 90' lang='lat' dir='ltr'>dem</span> <span class='ocrx_word' id='word_1_272' title='bbox 379 2971 465 3032; x_wconf 77' lang='lat' dir='ltr'>bostis,</span> <span class='ocrx_word' id='word_1_273' title='bbox 494 2971 659 3021; x_wconf 69' lang='lat' dir='ltr'>latrocinium</span> <span class='ocrx_word' id='word_1_274' title='bbox 677 2973 739 3023; x_wconf 91' lang='lat' dir='ltr'>dem</span> <span class='ocrx_word' id='word_1_275' title='bbox 763 2973 857 3023; x_wconf 68' lang='lat' dir='ltr'>tactam</span> <span class='ocrx_word' id='word_1_276' title='bbox 878 2970 970 3022; x_wconf 76' lang='lat' dir='ltr'>tellam</span> <span class='ocrx_word' id='word_1_277' title='bbox 990 2975 1056 3024; x_wconf 91' lang='lat' dir='ltr'>oder</span> <span class='ocrx_word' id='word_1_278' title='bbox 1073 2972 1199 3053; x_wconf 81' lang='lat' dir='ltr'>proelium</span> <span class='ocrx_word' id='word_1_279' title='bbox 1220 2990 1321 3041; x_wconf 46' lang='lat' dir='ltr'>gagen*</span> 
     </span>
     <span class='ocr_line' id='line_1_29' title="bbox 64 3037 1322 3108; baseline 0.003 -16"><span class='ocrx_word' id='word_1_280' title='bbox 64 3043 138 3092; x_wconf 80' lang='lat' dir='ltr'>iiber.</span> <span class='ocrx_word' id='word_1_281' title='bbox 159 3069 187 3076; x_wconf 98' lang='lat'><em>-</em></span> <span class='ocrx_word' id='word_1_282' title='bbox 203 3039 379 3091; x_wconf 81' lang='lat' dir='ltr'>invadunt.</span> <span class='ocrx_word' id='word_1_283' title='bbox 407 3043 433 3090; x_wconf 87' lang='lat' dir='ltr'>S.</span> <span class='ocrx_word' id='word_1_284' title='bbox 452 3041 521 3103; x_wconf 83' lang='lat' dir='ltr'>Virg.</span> <span class='ocrx_word' id='word_1_285' title='bbox 540 3043 602 3090; x_wconf 82' lang='lat' dir='ltr'>Aen.</span> <span class='ocrx_word' id='word_1_286' title='bbox 621 3037 644 3101; x_wconf 88' lang='grc'>9,</span> <span class='ocrx_word' id='word_1_287' title='bbox 666 3037 724 3093; x_wconf 88' lang='grc'><strong>186.</strong></span> <span class='ocrx_word' id='word_1_288' title='bbox 741 3039 771 3090; x_wconf 88' lang='lat'>7:</span> <span class='ocrx_word' id='word_1_289' title='bbox 788 3048 835 3092; x_wconf 83' lang='lat' dir='ltr'>aut</span> <span class='ocrx_word' id='word_1_290' title='bbox 852 3056 964 3108; x_wconf 73' lang='lat' dir='ltr'>pugnam</span> <span class='ocrx_word' id='word_1_291' title='bbox 979 3047 1026 3091; x_wconf 78' lang='lat' dir='ltr'>aar</span> <span class='ocrx_word' id='word_1_292' title='bbox 1044 3039 1145 3107; x_wconf 80' lang='lat' dir='ltr'>altqatid</span> <span class='ocrx_word' id='word_1_293' title='bbox 1160 3043 1214 3094; x_wconf 80' lang='lat' dir='ltr'>iam</span> <span class='ocrx_word' id='word_1_294' title='bbox 1229 3044 1322 3097; x_wconf 74' lang='lat' dir='ltr'>dudam</span> 
     </span>
     <span class='ocr_line' id='line_1_30' title="bbox 64 3107 638 3173; baseline -0.002 -15"><span class='ocrx_word' id='word_1_295' title='bbox 64 3109 229 3158; x_wconf 78' lang='lat' dir='ltr'>invadere</span> <span class='ocrx_word' id='word_1_296' title='bbox 246 3123 365 3172; x_wconf 71' lang='lat' dir='ltr'>magnum</span> <span class='ocrx_word' id='word_1_297' title='bbox 382 3124 450 3156; x_wconf 80' lang='lat' dir='ltr'>mena</span> <span class='ocrx_word' id='word_1_298' title='bbox 469 3108 554 3173; x_wconf 71' lang='lat' dir='ltr'>agitat</span> <span class='ocrx_word' id='word_1_299' title='bbox 570 3107 638 3157; x_wconf 72' lang='lat' dir='ltr'>natat.</span> 
     </span>
    </p>
   </div>
   <div class='ocr_carea' id='block_1_5' title="bbox 62 3195 1324 3868">
    <p class='ocr_par' dir='ltr' id='par_1_6' title="bbox 62 3195 1324 3868">
     <span class='ocr_line' id='line_1_31' title="bbox 131 3195 1321 3268; baseline 0.003 -20"><span class='ocrx_word' id='word_1_300' title='bbox 131 3197 155 3260; x_wconf 91' lang='lat'>7,</span> <span class='ocrx_word' id='word_1_301' title='bbox 173 3197 214 3260; x_wconf 85' lang='grc'>26,</span> <span class='ocrx_word' id='word_1_302' title='bbox 230 3195 254 3249; x_wconf 75' lang='lat' dir='ltr'>cl.</span> <span class='ocrx_word' id='word_1_303' title='bbox 289 3197 369 3260; x_wconf 88' lang='lat' dir='ltr'>Nec,</span> <span class='ocrx_word' id='word_1_304' title='bbox 391 3201 442 3251; x_wconf 84' lang='lat' dir='ltr'>wie</span> <span class='ocrx_word' id='word_1_305' title='bbox 460 3197 739 3265; x_wconf 77' lang='lat' dir='ltr'>sanstae—quidem.</span> <span class='ocrx_word' id='word_1_306' title='bbox 773 3201 859 3263; x_wconf 83' lang='lat' dir='ltr'>Vorgl.</span> <span class='ocrx_word' id='word_1_307' title='bbox 881 3197 921 3263; x_wconf 89' lang='lat'>10,</span> <span class='ocrx_word' id='word_1_308' title='bbox 941 3199 987 3262; x_wconf 86' lang='grc'>21,</span> <span class='ocrx_word' id='word_1_309' title='bbox 1004 3197 1054 3253; x_wconf 65' lang='grc'><strong>203</strong></span> <span class='ocrx_word' id='word_1_310' title='bbox 1079 3216 1141 3251; x_wconf 78' lang='lat' dir='ltr'>nec</span> <span class='ocrx_word' id='word_1_311' title='bbox 1167 3201 1203 3251; x_wconf 83' lang='lat' dir='ltr'>dii</span> <span class='ocrx_word' id='word_1_312' title='bbox 1224 3201 1321 3268; x_wconf 58' lang='lat' dir='ltr'>rimant,</span> 
     </span>
     <span class='ocr_line' id='line_1_32' title="bbox 63 3265 1322 3335; baseline 0.004 -20"><span class='ocrx_word' id='word_1_313' title='bbox 63 3274 93 3316; x_wconf 79' lang='lat' dir='ltr'>ot</span> <span class='ocrx_word' id='word_1_314' title='bbox 113 3265 259 3315; x_wconf 75' lang='lat' dir='ltr'>Alexandri</span> <span class='ocrx_word' id='word_1_315' title='bbox 275 3266 457 3328; x_wconf 71' lang='lat' dir='ltr'>fortuna-itt</span> <span class='ocrx_word' id='word_1_316' title='bbox 473 3266 536 3314; x_wconf 77' lang='lat' dir='ltr'>istos</span> <span class='ocrx_word' id='word_1_317' title='bbox 554 3266 669 3316; x_wconf 83' lang='lat' dir='ltr'>bameros</span> <span class='ocrx_word' id='word_1_318' title='bbox 689 3272 765 3315; x_wconf 70' lang='lat' dir='ltr'>artat:</span> <span class='ocrx_word' id='word_1_319' title='bbox 785 3266 895 3316; x_wconf 78' lang='lat' dir='ltr'>homines</span> <span class='ocrx_word' id='word_1_320' title='bbox 917 3276 985 3318; x_wconf 82' lang='lat' dir='ltr'>certe</span> <span class='ocrx_word' id='word_1_321' title='bbox 1010 3284 1062 3317; x_wconf 82' lang='grc' dir='ltr'>ιιοκ</span> <span class='ocrx_word' id='word_1_322' title='bbox 1083 3270 1173 3332; x_wconf 69' lang='lat' dir='ltr'>[metat.</span> <span class='ocrx_word' id='word_1_323' title='bbox 1206 3271 1260 3320; x_wconf 82' lang='lat' dir='ltr'>Liv.</span> <span class='ocrx_word' id='word_1_324' title='bbox 1280 3269 1322 3335; x_wconf 89' lang='grc'>31,</span> 
     </span>
     <span class='ocr_line' id='line_1_33' title="bbox 63 3332 1323 3402; baseline 0.004 -20"><span class='ocrx_word' id='word_1_325' title='bbox 63 3333 105 3395; x_wconf 86' lang='grc'>22,</span> <span class='ocrx_word' id='word_1_326' title='bbox 123 3333 155 3383; x_wconf 90' lang='lat'>7:</span> <span class='ocrx_word' id='word_1_327' title='bbox 179 3333 336 3400; x_wconf 81' lang='lat' dir='ltr'>praedonum</span> <span class='ocrx_word' id='word_1_328' title='bbox 355 3349 372 3382; x_wconf 95' lang='lat' dir='ltr'>a</span> <span class='ocrx_word' id='word_1_329' title='bbox 392 3332 513 3383; x_wconf 75' lang='lat' dir='ltr'>Chalcide</span> <span class='ocrx_word' id='word_1_330' title='bbox 531 3350 608 3383; x_wconf 76' lang='grc' dir='ltr'>ιιαοαι</span> <span class='ocrx_word' id='word_1_331' title='bbox 627 3350 692 3384; x_wconf 77' lang='lat' dir='ltr'>nort</span> <span class='ocrx_word' id='word_1_332' title='bbox 707 3334 800 3383; x_wconf 83' lang='lat' dir='ltr'>modo</span> <span class='ocrx_word' id='word_1_333' title='bbox 822 3335 928 3385; x_wconf 75' lang='lat' dir='ltr'>Sutrium</span> <span class='ocrx_word' id='word_1_334' title='bbox 946 3351 1074 3402; x_wconf 76' lang='lat' dir='ltr'>superare,</span> <span class='ocrx_word' id='word_1_335' title='bbox 1101 3336 1158 3385; x_wconf 77' lang='lat' dir='ltr'>sad</span> <span class='ocrx_word' id='word_1_336' title='bbox 1172 3352 1231 3386; x_wconf 80' lang='lat' dir='ltr'>nac</span> <span class='ocrx_word' id='word_1_337' title='bbox 1246 3345 1323 3388; x_wconf 67' lang='lat' dir='ltr'>extra</span> 
     </span>
     <span class='ocr_line' id='line_1_34' title="bbox 62 3401 1324 3468; baseline 0.007 -20"><span class='ocrx_word' id='word_1_338' title='bbox 62 3405 158 3466; x_wconf 71' lang='lat' dir='ltr'>fretam</span> <span class='ocrx_word' id='word_1_339' title='bbox 179 3401 273 3466; x_wconf 72' lang='lat' dir='ltr'>Euripi</span> <span class='ocrx_word' id='word_1_340' title='bbox 288 3401 443 3450; x_wconf 82' lang='lat' dir='ltr'>committere</span> <span class='ocrx_word' id='word_1_341' title='bbox 468 3408 557 3468; x_wconf 83' lang='lat' dir='ltr'>operto</span> <span class='ocrx_word' id='word_1_342' title='bbox 578 3403 646 3451; x_wconf 82' lang='lat' dir='ltr'>mari</span> <span class='ocrx_word' id='word_1_343' title='bbox 665 3418 692 3451; x_wconf 83' lang='lat' dir='ltr'>sc</span> <span class='ocrx_word' id='word_1_344' title='bbox 714 3401 849 3452; x_wconf 80' lang='lat' dir='ltr'>audebant.</span> <span class='ocrx_word' id='word_1_345' title='bbox 884 3402 939 3453; x_wconf 86' lang='lat' dir='ltr'>Neo</span> <span class='ocrx_word' id='word_1_346' title='bbox 962 3405 998 3455; x_wconf 90' lang='lat' dir='ltr'>ist</span> <span class='ocrx_word' id='word_1_347' title='bbox 1023 3419 1055 3452; x_wconf 80' lang='lat' dir='ltr'>tae</span> <span class='ocrx_word' id='word_1_348' title='bbox 1078 3403 1133 3452; x_wconf 91' lang='lat' dir='ltr'>und</span> <span class='ocrx_word' id='word_1_349' title='bbox 1157 3419 1214 3468; x_wconf 76' lang='lat' dir='ltr'>que,</span> <span class='ocrx_word' id='word_1_350' title='bbox 1238 3406 1324 3457; x_wconf 83' lang='lat' dir='ltr'>ueisst</span> 
     </span>
     <span class='ocr_line' id='line_1_35' title="bbox 64 3468 1322 3536; baseline 0.004 -18"><span class='ocrx_word' id='word_1_351' title='bbox 64 3472 121 3519; x_wconf 86' lang='lat' dir='ltr'>also</span> <span class='ocrx_word' id='word_1_352' title='bbox 140 3469 287 3518; x_wconf 74' lang='lat' dir='ltr'>entwederi</span> <span class='ocrx_word' id='word_1_353' title='bbox 307 3468 547 3531; x_wconf 85' lang='lat' dir='ltr'>gleichermaassen</span> <span class='ocrx_word' id='word_1_354' title='bbox 559 3471 640 3531; x_wconf 87' lang='lat' dir='ltr'>nicht,</span> <span class='ocrx_word' id='word_1_355' title='bbox 658 3471 686 3519; x_wconf 92' lang='lat' dir='ltr'>in</span> <span class='ocrx_word' id='word_1_356' title='bbox 699 3482 729 3520; x_wconf 94' lang='lat' dir='ltr'>so</span> <span class='ocrx_word' id='word_1_357' title='bbox 741 3469 798 3520; x_wconf 88' lang='lat' dir='ltr'>lern</span> <span class='ocrx_word' id='word_1_358' title='bbox 811 3487 859 3536; x_wconf 84' lang='lat' dir='ltr'>qae</span> <span class='ocrx_word' id='word_1_359' title='bbox 872 3472 1060 3534; x_wconf 78' lang='lat' dir='ltr'>Gleiobartiges</span> <span class='ocrx_word' id='word_1_360' title='bbox 1074 3471 1223 3533; x_wconf 85' lang='lat' dir='ltr'>verbindet,</span> <span class='ocrx_word' id='word_1_361' title='bbox 1241 3473 1322 3522; x_wconf 89' lang='lat' dir='ltr'>oder:</span> 
     </span>
     <span class='ocr_line' id='line_1_36' title="bbox 64 3535 1323 3602; baseline 0.002 -15"><span class='ocrx_word' id='word_1_362' title='bbox 64 3550 144 3598; x_wconf 84' lang='lat' dir='ltr'>sogar</span> <span class='ocrx_word' id='word_1_363' title='bbox 161 3537 242 3597; x_wconf 88' lang='lat' dir='ltr'>nicht,</span> <span class='ocrx_word' id='word_1_364' title='bbox 270 3535 354 3586; x_wconf 88' lang='lat' dir='ltr'>selbst</span> <span class='ocrx_word' id='word_1_365' title='bbox 373 3536 453 3599; x_wconf 89' lang='lat' dir='ltr'>nicht,</span> <span class='ocrx_word' id='word_1_366' title='bbox 481 3538 509 3586; x_wconf 87' lang='lat' dir='ltr'>in</span> <span class='ocrx_word' id='word_1_367' title='bbox 530 3550 560 3587; x_wconf 92' lang='lat' dir='ltr'>so</span> <span class='ocrx_word' id='word_1_368' title='bbox 579 3537 636 3587; x_wconf 87' lang='lat' dir='ltr'>lern</span> <span class='ocrx_word' id='word_1_369' title='bbox 663 3538 706 3588; x_wconf 90' lang='lat' dir='ltr'>die</span> <span class='ocrx_word' id='word_1_370' title='bbox 731 3538 869 3589; x_wconf 87' lang='lat' dir='ltr'>einlachen</span> <span class='ocrx_word' id='word_1_371' title='bbox 889 3539 1060 3602; x_wconf 86' lang='lat' dir='ltr'>copulativen</span> <span class='ocrx_word' id='word_1_372' title='bbox 1080 3539 1212 3588; x_wconf 83' lang='lat' dir='ltr'>Partilreln</span> <span class='ocrx_word' id='word_1_373' title='bbox 1237 3540 1323 3590; x_wconf 91' lang='lat' dir='ltr'>durch</span> 
     </span>
     <span class='ocr_line' id='line_1_37' title="bbox 63 3604 1323 3670; baseline 0.002 -16"><span class='ocrx_word' id='word_1_374' title='bbox 63 3605 230 3654; x_wconf 87' lang='lat' dir='ltr'>rhetorische</span> <span class='ocrx_word' id='word_1_375' title='bbox 245 3604 353 3666; x_wconf 79' lang='lat' dir='ltr'>ngung</span> <span class='ocrx_word' id='word_1_376' title='bbox 377 3618 411 3653; x_wconf 90' lang='lat' dir='ltr'>zu</span> <span class='ocrx_word' id='word_1_377' title='bbox 429 3605 502 3653; x_wconf 91' lang='lat' dir='ltr'>einer</span> <span class='ocrx_word' id='word_1_378' title='bbox 520 3606 690 3668; x_wconf 89' lang='lat' dir='ltr'>steigernden</span> <span class='ocrx_word' id='word_1_379' title='bbox 708 3605 782 3655; x_wconf 85' lang='lat' dir='ltr'>Kralt</span> <span class='ocrx_word' id='word_1_380' title='bbox 802 3607 909 3670; x_wconf 83' lang='lat' dir='ltr'>gelangt</span> <span class='ocrx_word' id='word_1_381' title='bbox 927 3607 994 3656; x_wconf 90' lang='lat' dir='ltr'>sind.</span> <span class='ocrx_word' id='word_1_382' title='bbox 1015 3632 1044 3642; x_wconf 90' lang='lat'><em>-</em></span> <span class='ocrx_word' id='word_1_383' title='bbox 1072 3604 1217 3669; x_wconf 68' lang='lat' dir='ltr'>fefellit</span> <span class='ocrx_word' id='word_1_384' title='bbox 1241 3606 1323 3657; x_wconf 80' lang='grc'><strong>331-</strong></span> 
     </span>
     <span class='ocr_line' id='line_1_38' title="bbox 64 3668 1322 3736; baseline 0.005 -16"><span class='ocrx_word' id='word_1_385' title='bbox 64 3672 194 3720; x_wconf 78' lang='lat' dir='ltr'>ductas.</span> <span class='ocrx_word' id='word_1_386' title='bbox 228 3672 252 3720; x_wconf 91' lang='lat' dir='ltr'>S.</span> <span class='ocrx_word' id='word_1_387' title='bbox 273 3668 472 3732; x_wconf 79' lang='lat' dir='ltr'>uiv.5,t7,9:</span> <span class='ocrx_word' id='word_1_388' title='bbox 492 3670 722 3736; x_wconf 72' lang='grc'><strong>319113331331331,</strong></span> <span class='ocrx_word' id='word_1_389' title='bbox 812 3671 943 3736; x_wconf 72' lang='lat' dir='ltr'>fefellerat</span> <span class='ocrx_word' id='word_1_390' title='bbox 967 3671 1120 3722; x_wconf 70' lang='lat' dir='ltr'>adscmdm</span> <span class='ocrx_word' id='word_1_391' title='bbox 1140 3673 1322 3726; x_wconf 76' lang='lat' dir='ltr'>bestialium.</span> 
     </span>
     <span class='ocr_line' id='line_1_39' title="bbox 64 3733 1322 3810; baseline 0.004 -22"><span class='ocrx_word' id='word_1_392' title='bbox 64 3739 114 3789; x_wconf 89' lang='lat' dir='ltr'>Od.</span> <span class='ocrx_word' id='word_1_393' title='bbox 134 3756 162 3805; x_wconf 76' lang='grc' dir='ltr'><strong>μ,</strong></span> <span class='ocrx_word' id='word_1_394' title='bbox 184 3734 223 3788; x_wconf 82' lang='grc'>16,</span> <span class='ocrx_word' id='word_1_395' title='bbox 245 3735 289 3786; x_wconf 90' lang='lat'>17:</span> <span class='ocrx_word' id='word_1_396' title='bbox 308 3734 359 3787; x_wconf 74' lang='grc' dir='ltr'>οὐδ’</span> <span class='ocrx_word' id='word_1_397' title='bbox 383 3736 432 3807; x_wconf 77' lang='grc' dir='ltr'>ἄρα</span> <span class='ocrx_word' id='word_1_398' title='bbox 449 3733 548 3807; x_wconf 73' lang='grc' dir='ltr'>Κίρκην</span> <span class='ocrx_word' id='word_1_399' title='bbox 569 3737 597 3798; x_wconf 78' lang='grc' dir='ltr'>ἐξ</span> <span class='ocrx_word' id='word_1_400' title='bbox 608 3733 703 3791; x_wconf 77' lang='grc' dir='ltr'>Ἀΐδεω</span> <span class='ocrx_word' id='word_1_401' title='bbox 722 3737 750 3789; x_wconf 81' lang='lat' dir='ltr'>tl</span> <span class='ocrx_word' id='word_1_402' title='bbox 770 3737 840 3797; x_wconf 77' lang='grc' dir='ltr'>ὄντες</span> <span class='ocrx_word' id='word_1_403' title='bbox 859 3735 1048 3810; x_wconf 72' lang='grc' dir='ltr'>ἐλήθομεν.</span> <span class='ocrx_word' id='word_1_404' title='bbox 1069 3767 1099 3778; x_wconf 94' lang='grc'><strong>-</strong></span> <span class='ocrx_word' id='word_1_405' title='bbox 1119 3757 1158 3790; x_wconf 74' lang='grc' dir='ltr'>απ</span> <span class='ocrx_word' id='word_1_406' title='bbox 1178 3743 1263 3794; x_wconf 85' lang='grc'><strong>3313.</strong></span> <span class='ocrx_word' id='word_1_407' title='bbox 1281 3744 1322 3793; x_wconf 69' lang='lat' dir='ltr'>R:</span> 
     </span>
     <span class='ocr_line' id='line_1_40' title="bbox 64 3801 488 3868; baseline 0.002 -13"><span class='ocrx_word' id='word_1_408' title='bbox 64 3823 98 3855; x_wconf 74' lang='lat' dir='ltr'>ex</span> <span class='ocrx_word' id='word_1_409' title='bbox 116 3806 172 3855; x_wconf 81' lang='lat' dir='ltr'>acie</span> <span class='ocrx_word' id='word_1_410' title='bbox 189 3822 243 3855; x_wconf 78' lang='lat' dir='ltr'>rec.</span> <span class='ocrx_word' id='word_1_411' title='bbox 263 3807 286 3854; x_wconf 91' lang='lat' dir='ltr'>S.</span> <span class='ocrx_word' id='word_1_412' title='bbox 307 3819 340 3855; x_wconf 84' lang='lat' dir='ltr'>zu</span> <span class='ocrx_word' id='word_1_413' title='bbox 360 3801 385 3868; x_wconf 74' lang='lat' dir='ltr'>l,</span> <span class='ocrx_word' id='word_1_414' title='bbox 403 3803 444 3867; x_wconf 92' lang='grc'>29,</span> <span class='ocrx_word' id='word_1_415' title='bbox 463 3804 488 3857; x_wconf 89' lang='grc'>2.</span> 
     </span>
    </p>
   </div>
   <div class='ocr_carea' id='block_1_6' title="bbox 63 3893 1324 4098">
    <p class='ocr_par' dir='ltr' id='par_1_7' title="bbox 63 3893 1324 4098">
     <span class='ocr_line' id='line_1_41' title="bbox 133 3893 1321 3966; baseline 0.002 -20"><span class='ocrx_word' id='word_1_416' title='bbox 133 3895 160 3957; x_wconf 88' lang='lat'>7,</span> <span class='ocrx_word' id='word_1_417' title='bbox 178 3894 220 3956; x_wconf 85' lang='grc'>25,</span> <span class='ocrx_word' id='word_1_418' title='bbox 242 3895 266 3945; x_wconf 93' lang='grc'>7.</span> <span class='ocrx_word' id='word_1_419' title='bbox 302 3895 342 3945; x_wconf 80' lang='lat' dir='ltr'>ln</span> <span class='ocrx_word' id='word_1_420' title='bbox 362 3896 579 3949; x_wconf 83' lang='lat' dir='ltr'>deditionem.</span> <span class='ocrx_word' id='word_1_421' title='bbox 604 3898 629 3946; x_wconf 89' lang='lat' dir='ltr'>S.</span> <span class='ocrx_word' id='word_1_422' title='bbox 646 3897 698 3949; x_wconf 89' lang='lat' dir='ltr'>Liv.</span> <span class='ocrx_word' id='word_1_423' title='bbox 717 3893 761 3956; x_wconf 91' lang='grc'>29,</span> <span class='ocrx_word' id='word_1_424' title='bbox 783 3894 806 3959; x_wconf 89' lang='grc'><strong>3,</strong></span> <span class='ocrx_word' id='word_1_425' title='bbox 827 3893 858 3948; x_wconf 81' lang='lat'>3:</span> <span class='ocrx_word' id='word_1_426' title='bbox 882 3897 910 3946; x_wconf 77' lang='lat' dir='ltr'>ta</span> <span class='ocrx_word' id='word_1_427' title='bbox 927 3896 1078 3947; x_wconf 76' lang='lat' dir='ltr'>deditionem</span> <span class='ocrx_word' id='word_1_428' title='bbox 1095 3897 1135 3947; x_wconf 85' lang='lat' dir='ltr'>ita</span> <span class='ocrx_word' id='word_1_429' title='bbox 1159 3899 1247 3966; x_wconf 79' lang='lat' dir='ltr'>accepi</span> <span class='ocrx_word' id='word_1_430' title='bbox 1273 3915 1321 3961; x_wconf 82' lang='lat' dir='ltr'>eos,</span> 
     </span>
     <span class='ocr_line' id='line_1_42' title="bbox 63 3962 1324 4031; baseline 0.002 -17"><span class='ocrx_word' id='word_1_431' title='bbox 63 3965 138 4014; x_wconf 80' lang='lat' dir='ltr'>si-.</span> <span class='ocrx_word' id='word_1_432' title='bbox 169 3991 196 4000; x_wconf 93' lang='lat'>-</span> <span class='ocrx_word' id='word_1_433' title='bbox 219 3963 243 4025; x_wconf 84' lang='lat'>7,</span> <span class='ocrx_word' id='word_1_434' title='bbox 259 3962 302 4024; x_wconf 87' lang='grc'>25,</span> <span class='ocrx_word' id='word_1_435' title='bbox 321 3962 344 4014; x_wconf 85' lang='grc'>8.</span> <span class='ocrx_word' id='word_1_436' title='bbox 368 3963 635 4025; x_wconf 78' lang='lat' dir='ltr'>Quam-subire.</span> <span class='ocrx_word' id='word_1_437' title='bbox 666 3967 690 4014; x_wconf 91' lang='lat' dir='ltr'>S.</span> <span class='ocrx_word' id='word_1_438' title='bbox 709 3965 778 4031; x_wconf 78' lang='lat' dir='ltr'>Virg.</span> <span class='ocrx_word' id='word_1_439' title='bbox 799 3966 861 4016; x_wconf 77' lang='lat' dir='ltr'>Aen.</span> <span class='ocrx_word' id='word_1_440' title='bbox 882 3963 921 4026; x_wconf 89' lang='grc'>12,</span> <span class='ocrx_word' id='word_1_441' title='bbox 940 3963 1008 4016; x_wconf 73' lang='grc'><strong>8993</strong></span> <span class='ocrx_word' id='word_1_442' title='bbox 1028 3963 1118 4014; x_wconf 74' lang='grc'><strong>111331</strong></span> <span class='ocrx_word' id='word_1_443' title='bbox 1135 3965 1248 4029; x_wconf 82' lang='lat' dir='ltr'>(saxum)</span> <span class='ocrx_word' id='word_1_444' title='bbox 1264 3965 1324 4016; x_wconf 86' lang='lat' dir='ltr'>lecti</span> 
     </span>
     <span class='ocr_line' id='line_1_43' title="bbox 65 4029 1151 4098; baseline 0.002 -18"><span class='ocrx_word' id='word_1_445' title='bbox 65 4032 103 4080; x_wconf 81' lang='lat' dir='ltr'>ln&#39;s</span> <span class='ocrx_word' id='word_1_446' title='bbox 119 4047 164 4079; x_wconf 77' lang='lat' dir='ltr'>sea</span> <span class='ocrx_word' id='word_1_447' title='bbox 181 4033 279 4080; x_wconf 84' lang='lat' dir='ltr'>ceruice</span> <span class='ocrx_word' id='word_1_448' title='bbox 296 4031 452 4082; x_wconf 79' lang='lat' dir='ltr'>salirent.</span> <span class='ocrx_word' id='word_1_449' title='bbox 485 4033 522 4082; x_wconf 91' lang='lat' dir='ltr'>Ib.</span> <span class='ocrx_word' id='word_1_450' title='bbox 544 4030 567 4093; x_wconf 91' lang='grc'>6,</span> <span class='ocrx_word' id='word_1_451' title='bbox 585 4029 651 4081; x_wconf 73' lang='grc'><strong>2223</strong></span> <span class='ocrx_word' id='word_1_452' title='bbox 669 4046 732 4098; x_wconf 80' lang='lat' dir='ltr'>pars</span> <span class='ocrx_word' id='word_1_453' title='bbox 749 4031 847 4097; x_wconf 73' lang='lat' dir='ltr'>ingenti</span> <span class='ocrx_word' id='word_1_454' title='bbox 864 4031 1003 4083; x_wconf 78' lang='lat' dir='ltr'>subiere</span> <span class='ocrx_word' id='word_1_455' title='bbox 1020 4033 1151 4096; x_wconf 70' lang='lat' dir='ltr'>feretro.</span> 
     </span>
    </p>
   </div>
   <div class='ocr_carea' id='block_1_7' title="bbox 64 4120 1325 4664">
    <p class='ocr_par' dir='ltr' id='par_1_8' title="bbox 64 4120 1325 4664">
     <span class='ocr_line' id='line_1_44' title="bbox 133 4120 1323 4189; baseline 0.004 -18"><span class='ocrx_word' id='word_1_456' title='bbox 133 4121 158 4183; x_wconf 92' lang='lat'>7,</span> <span class='ocrx_word' id='word_1_457' title='bbox 184 4120 227 4183; x_wconf 89' lang='grc'>26,</span> <span class='ocrx_word' id='word_1_458' title='bbox 251 4121 291 4173; x_wconf 88' lang='grc'>10.</span> <span class='ocrx_word' id='word_1_459' title='bbox 318 4123 542 4174; x_wconf 79' lang='lat' dir='ltr'>Maracanda.</span> <span class='ocrx_word' id='word_1_460' title='bbox 586 4125 655 4172; x_wconf 88' lang='lat' dir='ltr'>Dass</span> <span class='ocrx_word' id='word_1_461' title='bbox 674 4123 738 4174; x_wconf 87' lang='lat' dir='ltr'>Mar.</span> <span class='ocrx_word' id='word_1_462' title='bbox 766 4125 816 4174; x_wconf 91' lang='lat' dir='ltr'>mit</span> <span class='ocrx_word' id='word_1_463' title='bbox 843 4125 904 4175; x_wconf 90' lang='lat' dir='ltr'>dem</span> <span class='ocrx_word' id='word_1_464' title='bbox 924 4125 1139 4189; x_wconf 79' lang='lat' dir='ltr'>gegenwartigen</span> <span class='ocrx_word' id='word_1_465' title='bbox 1159 4126 1323 4176; x_wconf 80' lang='lat' dir='ltr'>samarcand</span> 
     </span>
     <span class='ocr_line' id='line_1_45' title="bbox 64 4188 1322 4255; baseline 0.002 -15"><span class='ocrx_word' id='word_1_466' title='bbox 64 4192 197 4240; x_wconf 85' lang='lat' dir='ltr'>identisch</span> <span class='ocrx_word' id='word_1_467' title='bbox 211 4193 260 4251; x_wconf 91' lang='lat' dir='ltr'>sei,</span> <span class='ocrx_word' id='word_1_468' title='bbox 280 4192 316 4242; x_wconf 89' lang='lat' dir='ltr'>ist</span> <span class='ocrx_word' id='word_1_469' title='bbox 332 4193 428 4242; x_wconf 84' lang='lat' dir='ltr'>hochst</span> <span class='ocrx_word' id='word_1_470' title='bbox 443 4190 667 4242; x_wconf 80' lang='lat' dir='ltr'>wahrschcinlich.</span> <span class='ocrx_word' id='word_1_471' title='bbox 683 4215 712 4226; x_wconf 91' lang='lat'>-</span> <span class='ocrx_word' id='word_1_472' title='bbox 732 4207 749 4239; x_wconf 85' lang='lat' dir='ltr'>a</span> <span class='ocrx_word' id='word_1_473' title='bbox 759 4189 813 4241; x_wconf 81' lang='lat' dir='ltr'>lio.</span> <span class='ocrx_word' id='word_1_474' title='bbox 833 4193 905 4242; x_wconf 89' lang='lat' dir='ltr'>Nacb</span> <span class='ocrx_word' id='word_1_475' title='bbox 918 4194 1005 4255; x_wconf 84' lang='lat' dir='ltr'>Couj.;</span> <span class='ocrx_word' id='word_1_476' title='bbox 1022 4192 1062 4241; x_wconf 75' lang='lat' dir='ltr'>R:</span> <span class='ocrx_word' id='word_1_477' title='bbox 1081 4188 1160 4241; x_wconf 81' lang='lat' dir='ltr'>nullo.</span> <span class='ocrx_word' id='word_1_478' title='bbox 1180 4192 1228 4242; x_wconf 90' lang='lat' dir='ltr'>Die</span> <span class='ocrx_word' id='word_1_479' title='bbox 1241 4193 1322 4243; x_wconf 91' lang='lat' dir='ltr'>Codd.</span> 
     </span>
     <span class='ocr_line' id='line_1_46' title="bbox 64 4255 1323 4319; baseline 0.004 -13"><span class='ocrx_word' id='word_1_480' title='bbox 64 4257 141 4306; x_wconf 81' lang='lat' dir='ltr'>illinc</span> <span class='ocrx_word' id='word_1_481' title='bbox 153 4259 219 4308; x_wconf 87' lang='lat' dir='ltr'>oder</span> <span class='ocrx_word' id='word_1_482' title='bbox 231 4256 295 4307; x_wconf 82' lang='lat' dir='ltr'>illic.</span> <span class='ocrx_word' id='word_1_483' title='bbox 319 4287 347 4295; x_wconf 91' lang='lat'>—</span> <span class='ocrx_word' id='word_1_484' title='bbox 368 4275 407 4309; x_wconf 87' lang='lat' dir='ltr'>ac</span> <span class='ocrx_word' id='word_1_485' title='bbox 425 4259 488 4309; x_wconf 89' lang='lat' dir='ltr'>lehlt</span> <span class='ocrx_word' id='word_1_486' title='bbox 503 4259 546 4309; x_wconf 90' lang='lat' dir='ltr'>bei</span> <span class='ocrx_word' id='word_1_487' title='bbox 565 4259 591 4308; x_wconf 84' lang='lat' dir='ltr'>l&#39;.</span> <span class='ocrx_word' id='word_1_488' title='bbox 610 4284 641 4294; x_wconf 83' lang='grc'>-</span> <span class='ocrx_word' id='word_1_489' title='bbox 662 4255 686 4319; x_wconf 89' lang='grc'><strong>7,</strong></span> <span class='ocrx_word' id='word_1_490' title='bbox 706 4255 749 4318; x_wconf 83' lang='grc'>26,</span> <span class='ocrx_word' id='word_1_491' title='bbox 768 4256 806 4309; x_wconf 93' lang='grc'>11.</span> <span class='ocrx_word' id='word_1_492' title='bbox 825 4257 994 4311; x_wconf 78' lang='lat' dir='ltr'>Aliorum.</span> <span class='ocrx_word' id='word_1_493' title='bbox 1021 4259 1067 4308; x_wconf 85' lang='lat' dir='ltr'>Bel</span> <span class='ocrx_word' id='word_1_494' title='bbox 1081 4258 1180 4309; x_wconf 87' lang='lat' dir='ltr'>Homer</span> <span class='ocrx_word' id='word_1_495' title='bbox 1198 4261 1323 4311; x_wconf 87' lang='lat' dir='ltr'>kommen</span> 
     </span>
     <span class='ocr_line' id='line_1_47' title="bbox 65 4319 1323 4396; baseline 0.001 -21"><span class='ocrx_word' id='word_1_496' title='bbox 65 4328 107 4375; x_wconf 84' lang='lat' dir='ltr'>sie</span> <span class='ocrx_word' id='word_1_497' title='bbox 128 4339 176 4374; x_wconf 90' lang='lat' dir='ltr'>vor</span> <span class='ocrx_word' id='word_1_498' title='bbox 195 4329 219 4376; x_wconf 90' lang='lat' dir='ltr'>ll.</span> <span class='ocrx_word' id='word_1_499' title='bbox 237 4322 268 4383; x_wconf 84' lang='grc' dir='ltr'>ν’,</span> <span class='ocrx_word' id='word_1_500' title='bbox 286 4323 312 4386; x_wconf 90' lang='grc'><strong>6,</strong></span> <span class='ocrx_word' id='word_1_501' title='bbox 333 4341 375 4376; x_wconf 87' lang='lat' dir='ltr'>wo</span> <span class='ocrx_word' id='word_1_502' title='bbox 396 4329 464 4377; x_wconf 88' lang='lat' dir='ltr'>Zeus</span> <span class='ocrx_word' id='word_1_503' title='bbox 484 4341 536 4376; x_wconf 91' lang='lat' dir='ltr'>von</span> <span class='ocrx_word' id='word_1_504' title='bbox 546 4327 624 4388; x_wconf 85' lang='lat' dir='ltr'>Troja</span> <span class='ocrx_word' id='word_1_505' title='bbox 643 4326 735 4376; x_wconf 90' lang='lat' dir='ltr'>seincn</span> <span class='ocrx_word' id='word_1_506' title='bbox 754 4327 826 4377; x_wconf 85' lang='lat' dir='ltr'>Blick</span> <span class='ocrx_word' id='word_1_507' title='bbox 844 4326 988 4378; x_wconf 85' lang='lat' dir='ltr'>abwendct</span> <span class='ocrx_word' id='word_1_508' title='bbox 1007 4322 1096 4394; x_wconf 77' lang='grc' dir='ltr'>νόσφιν</span> <span class='ocrx_word' id='word_1_509' title='bbox 1116 4319 1154 4396; x_wconf 78' lang='grc' dir='ltr'>ἐφ’</span> <span class='ocrx_word' id='word_1_510' title='bbox 1173 4323 1323 4377; x_wconf 79' lang='grc' dir='ltr'>ἱπποπόλων</span> 
     </span>
     <span class='ocr_line' id='line_1_48' title="bbox 66 4388 1324 4463; baseline 0.001 -20"><span class='ocrx_word' id='word_1_511' title='bbox 66 4388 178 4460; x_wconf 74' lang='lat' dir='ltr'>Opq-asur</span> <span class='ocrx_word' id='word_1_512' title='bbox 193 4389 378 4462; x_wconf 73' lang='grc' dir='ltr'>καθορώμενος</span> <span class='ocrx_word' id='word_1_513' title='bbox 395 4392 464 4455; x_wconf 76' lang='grc' dir='ltr'>αἶαν,</span> <span class='ocrx_word' id='word_1_514' title='bbox 482 4389 579 4445; x_wconf 79' lang='grc' dir='ltr'>Μυσῶν</span> <span class='ocrx_word' id='word_1_515' title='bbox 599 4391 618 4442; x_wconf 80' lang='lat' dir='ltr'>t&#39;</span> <span class='ocrx_word' id='word_1_516' title='bbox 641 4392 799 4463; x_wconf 77' lang='grc' dir='ltr'>ἀγχεμάχων</span> <span class='ocrx_word' id='word_1_517' title='bbox 824 4393 869 4443; x_wconf 80' lang='grc' dir='ltr'>καὶ</span> <span class='ocrx_word' id='word_1_518' title='bbox 885 4393 988 4462; x_wconf 72' lang='grc' dir='ltr'>ἀγαυῶν</span> <span class='ocrx_word' id='word_1_519' title='bbox 1005 4390 1199 4462; x_wconf 70' lang='grc' dir='ltr'>Ἱππημολγῶν,</span> <span class='ocrx_word' id='word_1_520' title='bbox 1216 4391 1324 4462; x_wconf 82' lang='grc' dir='ltr'>γλακτο·</span> 
     </span>
     <span class='ocr_line' id='line_1_49' title="bbox 65 4455 1325 4531; baseline 0.003 -23"><span class='ocrx_word' id='word_1_521' title='bbox 65 4461 169 4527; x_wconf 75' lang='lat' dir='ltr'>qaiqmv.</span> <span class='ocrx_word' id='word_1_522' title='bbox 186 4455 306 4528; x_wconf 81' lang='grc' dir='ltr'>Ἀβίων</span> <span class='ocrx_word' id='word_1_523' title='bbox 326 4478 377 4524; x_wconf 82' lang='grc' dir='ltr'>τε,</span> <span class='ocrx_word' id='word_1_524' title='bbox 407 4459 638 4512; x_wconf 78' lang='grc' dir='ltr'>δικαιοτάτων</span> <span class='ocrx_word' id='word_1_525' title='bbox 664 4456 862 4531; x_wconf 76' lang='grc' dir='ltr'>ἀνθρώπων.</span> <span class='ocrx_word' id='word_1_526' title='bbox 896 4464 949 4512; x_wconf 83' lang='lat' dir='ltr'>Das</span> <span class='ocrx_word' id='word_1_527' title='bbox 969 4463 1047 4512; x_wconf 90' lang='lat' dir='ltr'>Wort</span> <span class='ocrx_word' id='word_1_528' title='bbox 1066 4460 1181 4528; x_wconf 79' lang='grc' dir='ltr'>ἀβίων</span> <span class='ocrx_word' id='word_1_529' title='bbox 1207 4461 1243 4512; x_wconf 83' lang='grc'>131</span> <span class='ocrx_word' id='word_1_530' title='bbox 1268 4463 1325 4512; x_wconf 85' lang='lat' dir='ltr'>hier</span> 
     </span>
     <span class='ocr_line' id='line_1_50' title="bbox 68 4529 1325 4594; baseline 0.004 -18"><span class='ocrx_word' id='word_1_531' title='bbox 68 4530 146 4577; x_wconf 84' lang='lat' dir='ltr'>tlreils</span> <span class='ocrx_word' id='word_1_532' title='bbox 167 4529 205 4578; x_wconf 85' lang='lat' dir='ltr'>als</span> <span class='ocrx_word' id='word_1_533' title='bbox 225 4529 345 4591; x_wconf 78' lang='lat' dir='ltr'>Adjectiv</span> <span class='ocrx_word' id='word_1_534' title='bbox 365 4543 530 4593; x_wconf 84' lang='lat' dir='ltr'>genommen,</span> <span class='ocrx_word' id='word_1_535' title='bbox 549 4530 626 4579; x_wconf 86' lang='lat' dir='ltr'>theils</span> <span class='ocrx_word' id='word_1_536' title='bbox 645 4531 683 4580; x_wconf 83' lang='lat' dir='ltr'>als</span> <span class='ocrx_word' id='word_1_537' title='bbox 702 4531 804 4580; x_wconf 83' lang='lat' dir='ltr'>Nomen</span> <span class='ocrx_word' id='word_1_538' title='bbox 822 4531 972 4594; x_wconf 87' lang='lat' dir='ltr'>proprium,</span> <span class='ocrx_word' id='word_1_539' title='bbox 1000 4543 1031 4580; x_wconf 92' lang='grc' dir='ltr'>3ο</span> <span class='ocrx_word' id='word_1_540' title='bbox 1053 4530 1165 4591; x_wconf 84' lang='lat' dir='ltr'>jedoch,</span> <span class='ocrx_word' id='word_1_541' title='bbox 1190 4529 1253 4579; x_wconf 83' lang='lat' dir='ltr'>dass</span> <span class='ocrx_word' id='word_1_542' title='bbox 1277 4531 1325 4581; x_wconf 88' lang='lat' dir='ltr'>das</span> 
     </span>
     <span class='ocr_line' id='line_1_51' title="bbox 66 4596 1325 4664; baseline 0.001 -18"><span class='ocrx_word' id='word_1_543' title='bbox 66 4597 169 4648; x_wconf 84' lang='lat' dir='ltr'>Nomen</span> <span class='ocrx_word' id='word_1_544' title='bbox 186 4598 326 4660; x_wconf 87' lang='lat' dir='ltr'>proprium</span> <span class='ocrx_word' id='word_1_545' title='bbox 344 4597 434 4650; x_wconf 80' lang='lat' dir='ltr'>lrtther</span> <span class='ocrx_word' id='word_1_546' title='bbox 446 4599 547 4650; x_wconf 90' lang='lat' dir='ltr'>Nomen</span> <span class='ocrx_word' id='word_1_547' title='bbox 565 4596 754 4664; x_wconf 83' lang='lat' dir='ltr'>appellativum</span> <span class='ocrx_word' id='word_1_548' title='bbox 769 4610 900 4664; x_wconf 77' lang='lat' dir='ltr'>genesen,</span> <span class='ocrx_word' id='word_1_549' title='bbox 922 4598 982 4650; x_wconf 88' lang='lat' dir='ltr'>weil</span> <span class='ocrx_word' id='word_1_550' title='bbox 998 4599 1048 4650; x_wconf 81' lang='lat' dir='ltr'>das</span> <span class='ocrx_word' id='word_1_551' title='bbox 1061 4596 1151 4651; x_wconf 83' lang='lat' dir='ltr'>Leben</span> <span class='ocrx_word' id='word_1_552' title='bbox 1165 4598 1243 4662; x_wconf 84' lang='lat' dir='ltr'>jener</span> <span class='ocrx_word' id='word_1_553' title='bbox 1260 4598 1325 4648; x_wconf 79' lang='lat' dir='ltr'>Vol-</span> 
     </span>
    </p>
   </div>
   <div class='ocr_carea' id='block_1_8' title="bbox 0 0 1420 4964">
    <p class='ocr_par' dir='ltr' id='par_1_9' title="bbox 0 0 1420 4964">
     <span class='ocr_line' id='line_1_52' title="bbox 0 0 1420 4964; baseline 0 0"><span class='ocrx_word' id='word_1_554' title='bbox 0 0 1420 4964; x_wconf 95' lang='lat' dir='ltr'> </span> 
     </span>
    </p>
   </div>
  </div>
 </body>
</html>
