2820 4964
119 184 184 249 ass
594 183 635 264 o.
656 183 797 245 cunru
818 184 916 245 nun

205 354 262 418 Xl.
298 349 467 415 ³⁰Desiluit
487 354 593 415 deinde
618 355 761 416 trendens
782 354 820 415 de
840 354 981 416 tribunali
1002 354 1083 416 etin
1103 356 1236 418 medium
1257 366 1379 420 armate

121 468 188 513 rum
208 471 314 530 agmen
336 470 370 511 se
391 452 518 526 immisit,
541 460 663 512 notatos
683 471 814 531 quoque,
834 452 887 532 qui
905 452 1090 513 ferocissime
1109 452 1274 535 obloquuti
1295 464 1378 533 erant,

121 548 258 628 singulos
279 568 374 621 ,manu
405 548 566 627 corripuit,
593 568 650 610 nec
678 568 769 609 ausos
794 568 981 627 repugnare,
1009 549 1153 611 tredecim
1183 552 1379 613 asservandos

122 646 298 707 custodibus
318 645 457 725 corporis
477 646 606 707 tradidit.
640 640 772 722 ¹¹¹‘¹Quis
793 645 940 719 crederet,
961 664 1079 707 saevam
1099 647 1195 726 paulo
1220 654 1295 709 ante
1318 668 1378 709 con

122 742 240 803 cionem
264 742 458 822 obtorpuisse
476 743 577 803 subito
600 750 697 820 metu,
722 750 752 803 et
772 763 866 823 quum
887 743 926 801 ad
947 742 1128 821 supplicium
1158 743 1284 804 videret
1314 744 1378 805 trabi

120 840 296 900 nibilausos
310 839 457 919 graviora,
479 859 569 919 quam
589 847 707 900 ceteros
727 838 779 880 Η
803 833 889 899 ³sive
909 839 1047 914 nominis,
1064 841 1147 920 quod
1169 848 1289 919 gentes,
1312 860 1378 923 quae

120 936 177 997 sub
195 937 317 1014 regibus
335 942 418 1012 sunt,
440 936 518 995 inter
540 937 614 998 deos
635 936 754 1011 colunt,
782 935 846 995 sive
865 936 990 1014 propria
1008 936 1104 1014 ipsius
1123 937 1301 1013 veneratio,
1327 940 1378 999 sire

120 1032 230 1095 fiducia
254 1040 336 1094 tauta
358 1035 388 1093 vi
418 1034 586 1094 exercentis
617 1032 774 1111 imperium
805 1032 972 1093 conterruit
1001 1052 1071 1106 eos;
1103 1027 1282 1113 ⁴singulare
1306 1042 1378 1097 certe

122 1132 280 1193 ediderunt
292 1129 452 1210 patientiae
465 1131 643 1210 exemplum,
665 1129 803 1209 adeoque
815 1148 878 1190 non
894 1136 964 1190 sunt
984 1130 1105 1191 accensi
1125 1132 1284 1210 supplicio
1308 1152 1379 1193 com

121 1229 296 1302 militonum,
309 1248 402 1308 quum
415 1227 471 1287 sub
484 1234 607 1288 noctem
620 1226 794 1287 interfectos
805 1245 873 1287 esse
883 1232 1075 1305 cognossent,
1087 1234 1122 1288 ut
1132 1226 1207 1289 nibil
1218 1229 1379 1303 omiserint

120 1326 202 1409 quod
224 1323 334 1402 singuli
355 1322 450 1401 magis
479 1323 655 1384 obedienter
688 1328 718 1382 et
748 1323 798 1401 pie
823 1323 967 1386 iacerent.
1008 1318 1107 1384 5Ναιι]
1139 1344 1232 1405 quum
1256 1334 1380 1405 postero

121 1424 170 1483 die
183 1421 326 1502 prohibiti
347 1420 430 1481 aditu
449 1420 608 1495 venissent,
630 1420 761 1480 asiaticis
781 1419 873 1479 modo
892 1418 1035 1481 militibus
1055 1420 1203 1498 admissis,
1223 1422 1380 1502 lugubrem

121 1520 193 1581 totis
216 1517 321 1580 castris
345 1518 467 1577 edidere
489 1516 670 1591 clamorem,
699 1516 920 1592 denuntiantes,
952 1516 1093 1596 protinus
1119 1536 1187 1579 esse
1209 1519 1379 1593 morituros,

120 1617 146 1679 si
166 1637 220 1677 rex
243 1622 451 1695 perseveraret
471 1614 570 1675 irasci.

205 1712 273 1774 Xll.
320 1707 383 1772 ⁶At
401 1711 452 1770 ille
473 1710 639 1789 pervicacis
656 1710 696 1770 ad
719 1710 832 1785 omnia,
852 1729 929 1789 quae
944 1711 1099 1789 agitasset,
1120 1712 1230 1787 animi,
1251 1712 1377 1793 peregri

120 1830 229 1873 norum
253 1809 380 1869 militum
401 1807 580 1868 concionem
600 1807 742 1868 advocari
761 1807 851 1881 iubet,
870 1808 1088 1867 Macedonibus
1109 1808 1190 1870 intra
1213 1816 1311 1871 eastra
1331 1802 1396 1869 coi

121 1908 238 1968 bibitis:
262 1912 390 1986 etquum
405 1905 576 1983 frequentes
601 1903 742 1977 coissent,
762 1903 896 1964 adhibito
919 1903 1081 1982 interprete
1102 1904 1194 1965 talem
1218 1905 1375 1967 orationem

120 2005 238 2065 babuit:
280 1999 404 2071 ⁷Qanm
425 2021 463 2059 er
485 2002 614 2078 Europe
636 2002 809 2060 traiicerem
829 2002 865 2058 in
886 2001 1009 2073 Asiam,
1039 2001 1157 2061 multas
1177 2001 1291 2064 nobiles
1308 2022 1410 2080 gen:

122 2108 175 2175 tes,
194 2119 342 2178 magnam
361 2099 424 2157 cr'rn
446 2096 604 2156 hemr'nrnn
626 2098 755 2174 impere'e
774 2117 840 2157 meo
859 2118 908 2157 me
929 2098 1111 2159 additurum
1132 2118 1193 2159 esse
1216 2097 1377 2178 speraism.

122 2193 204 2258 ⁸Nee
224 2199 362 2274 deceptas
380 2214 464 2268 sam,
490 2192 572 2272 qaod
591 2192 627 2252 de
649 2192 697 2251 iis
718 2194 837 2254 credidi
845 2194 971 2274 famae.
1014 2194 1076 2254 Sed
1094 2194 1140 2255 ad
1155 2196 1217 2256 ala
1238 2196 1296 2257 hoc
1315 2214 1378 2275 quc
1405 2199 1409 2247 l

121 2313 178 2371 qne
199 2295 330 2367 accersit,
351 2291 433 2369 qaod
449 2290 534 2349 video
547 2289 654 2368 fortes
678 2293 759 2351 arros
785 2312 861 2370 erga
887 2312 971 2370 reges
996 2308 1066 2371 snos
1085 2294 1218 2369 pietatis
1242 2294 1378 2354 inemtas.
1408 2286 1410 2292 ¹

121 2387 239 2452 muza
250 2390 355 2450 omnia
368 2388 472 2471 fluere
484 2386 672 2445 credideram
689 2394 720 2446 et
736 2390 837 2448 nimia
848 2387 1010 2467 felicitate
1029 2391 1132 2466 mergi
1147 2390 1184 2448 in
1203 2390 1378 2469 voluptates

120 2487 164 2550 Ar
184 2487 320 2547 hercules
339 2485 451 2544 munia
472 2483 604 2542 militiae
625 2483 681 2543 hoc
701 2487 879 2544 animorum
908 2472 1131 2563 corporeamqne'¹
1155 2483 1265 2547 robore
1294 2506 1380 2566 aeqne

120 2587 251 2662 impigre
267 2583 420 2654 toleratas,
451 2587 483 2638 et
501 2593 595 2656 qaam
606 2577 713 2660 fortes
734 2583 799 2640 ciri
823 2584 905 2656 atei,
931 2600 996 2640 nen
1014 2582 1178 2662 fortitudi
1267 2586 1380 2664 „magia

122 2701 215 2761 qnam
228 2680 328 2760 fidem
349 2678 456 2738 colitis.
498 2668 525 2710 ¹⁰
534 2678 602 2736 Hoc
621 2696 675 2756 ego
694 2699 780 2738 nanc
795 2679 935 2756 primam
950 2679 1118 2757 prmiteor,
1146 2680 1202 2739 sed
1222 2666 1379 2742 ciii'saa

120 2781 229 2857 ltaque
256 2785 287 2838 et
314 2777 462 2836 delectam
491 2794 507 2833 e
534 2771 616 2832 aebz's
643 2777 803 2836 iuniorum
829 2772 925 2833 dabui
949 2781 979 2833 et
1004 2793 1057 2834 cos
1080 2794 1221 2836 meernm
1249 2780 1380 2839 militurn

121 2877 245 2953 corpori
263 2873 423 2933 immiscui.
466 2871 550 2930 idem
571 2868 707 2945 habitas,
737 2871 841 2930 eadem
868 2890 959 2930 arma
984 2878 1060 2947 sant
1084 2870 1182 2945 volm-
1211 2872 1380 2954 obsequitent

121 2991 191 3035 vero
208 2979 240 3030 et
252 2970 411 3049 patientia
430 2970 554 3046 imperii
577 2969 666 3044 lenge
681 2969 896 3055 prpestante'er
914 2975 977 3040 est,
1004 2988 1097 3048 qaam
1123 2973 1241 3031 ceteris.
1281 2967 1380 3051 “Erp

121 3070 184 3147 ipse
202 3067 350 3145 Oxyartis
363 3067 476 3125 Persae
488 3066 597 3144 filiam
618 3084 735 3123 mecam
751 3066 787 3122 in
805 3066 1003 3124 matm'monio
1025 3067 1128 3139 iunxi,
1149 3085 1216 3126 nen
1240 3070 1381 3149 dedigne

122 3171 171 3222 tas
182 3184 220 3222 er
240 3163 363 3239 captiva
382 3159 489 3220 liberos
510 3163 621 3222 tollere.
662 3155 773 3220 ¹²M0s
795 3160 903 3220 deinde
924 3181 1018 3238 qnam
1037 3163 1163 3239 stirpem
1180 3169 1314 3242 generis
1332 3162 1381 3226 mei

121 3259 216 3319 latias
237 3276 416 3336 propagare
443 3277 599 3337 caperem,
636 3275 763 3317 arerem
793 3258 890 3316 Darei
908 3258 1018 3336 filiam
1047 3258 1139 3335 daei,
1168 3264 1380 3343 proximisque

192 3531 230 3591 10,
251 3529 331 3593 11,1.
369 3530 604 3597 Obterpnisse.
626 3531 652 3581 S.
672 3525 695 3589 4,
713 3525 756 3588 39,
777 3527 807 3577 7:
828 3544 951 3595 responsa
968 3546 1057 3580 rnrnss
1075 3530 1111 3580 ad
1129 3547 1201 3597 spent
1222 3540 1250 3581 et
1269 3532 1379 3599 fiducie!

121 3617 225 3650 uexere
246 3607 424 3665 torpentes.
447 3602 472 3650 S.
494 3614 527 3648 zu
546 3594 569 3661 4,
591 3594 629 3659 14,
650 3594 688 3646 16.
708 3624 740 3632 -—
766 3602 908 3647 ceteros.
937 3598 986 3647 Dic
1005 3600 1093 3649 tocke
1113 3600 1184 3650 wird
1204 3599 1252 3651 bei
1273 3600 1379 3654 Freinslt

121 3672 168 3732 (als
186 3672 207 3733 ᾗ,
226 3666 252 3730 2)
269 3669 337 3716 nach
356 3670 425 3718 alten
443 3667 584 3730 Ausgaben
607 3679 638 3715 so
658 3664 811 3727 ausgelttllt:
838 3671 890 3713 tom
914 3664 1019 3729 effusam
1036 3673 1114 3715 antea
1139 3662 1288 3731 licentiam,

120 3738 266 3788 seditiosam
285 3734 392 3784 militnm
409 3733 556 3784 violentiam
572 3734 612 3782 ita
637 3746 813 3799 compressam.
838 3739 936 3780 utnon
952 3733 1025 3782 modo
1050 3732 1135 3783 niellus
1159 3750 1194 3783 erc
1213 3736 1376 3788 omnibusne·

119 3806 204 3856 ruenti
222 3803 276 3869 regi
295 3804 418 3852 restiterit
425 3820 434 3863 ,·
457 3801 639 3851 verumetiam
654 3801 738 3850 cuncti
760 3816 856 3865 parcre
877 3801 1026 3861 exanimati,
1052 3802 1170 3851 attonitis
1193 3802 1305 3869 similes,
1331 3798 1379 3872 qd

120 3874 229 3941 deipsis
246 3888 405 3938 propeterea
423 3869 584 3919 statuendum
603 3876 722 3930 censeret,
740 3883 861 3934 suspensa
880 3876 962 3916 mente
981 3877 1151 3936 expectarent.
1188 3869 1290 3938 ltaque
1309 3912 1339 3927 ..

189 3965 231 4024 tu,
249 3963 287 4026 11,
304 3962 329 4014 3.
361 3960 582 4027 Subrepibns.
611 3962 697 4024 Vergl.
716 3975 749 4009 zu
767 3958 790 4022 3,
810 3958 850 4021 16,
870 3958 954 4011 17.-
976 3960 1178 4011 enercentis
1196 3960 1244 4013 ins
1279 3965 1377 4014 eries

121 4035 145 4083 S.
165 4048 198 4083 zu
217 4031 258 4093 10,
279 4028 302 4093 4,
322 4030 362 4082 27.
385 4059 412 4067 -
437 4028 479 4090 10,
497 4028 538 4088 11,
559 4026 582 4078 4.
611 4026 835 4091 Adeoncn-,
854 4026 1008 4077 ntniltil.
1037 4030 1121 4093 Vergl.
1141 4042 1175 4079 zu
1194 4027 1220 4087 3'.
1260 4030 1286 4093 2,
1305 4030 1377 4083 We

120 4106 327 4167 cognossent.
347 4102 384 4149 R:
400 4105 552 4148 nossent-
575 4104 607 4145 et
624 4096 685 4163 pie.
707 4096 747 4146 F.:
768 4112 800 4145 ac
814 4096 862 4161 pie.
883 4123 911 4133 -
938 4094 1070 4158 10,11,5.
1089 4094 1274 4151 Prohiberi
1292 4098 1377 4150 adite

118 4170 301 4220 venissent
334 4166 560 4223 Wnbrscheinllcb
581 4164 769 4215 verschrieben
788 4167 868 4214 statt:
893 4163 1016 4230 prohibiti
1033 4164 1107 4214 adita
1129 4180 1168 4229 ae
1187 4168 1328 4217 remissi
1347 4178 1377 4216 et·

119 4244 181 4287 sent.
205 4264 233 4273 -
254 4235 419 4303 protinas.
457 4235 570 4284 Fruher:
590 4249 616 4281 se
633 4232 757 4299 protinus.
779 4233 805 4281 S.
825 4246 858 4281 zu
875 4230 901 4295 3,
922 4231 944 4294 1,
962 4230 986 4282 7.

189 4326 231 4388 10,
250 4325 289 4388 12,
308 4324 332 4375 6.
368 4326 570 4376 Pervicacis
591 4324 775 4385 adomnia,
800 4325 852 4374 wie
871 4319 895 4383 4,
915 4321 956 4386 39,
976 4321 1006 4373 d:
1031 4322 1067 4373 ad
1084 4322 1337 4377 emetiamur-itu.
1354 4348 1377 4363 -·

117 4396 396 4462 peregrinorum,
420 4397 468 4445 der
484 4396 579 4445 Perser
596 4394 633 4442 im
651 4396 762 4443 weitern
784 4394 865 4442 Sinna
882 4393 930 4443 des
948 4393 1094 4443 Worts.·—
1129 4389 1173 4452 to,
1193 4390 1237 4456 ts,
1253 4392 1283 4445 8.
1309 4394 1378 4445 rto

121 4463 205 4512 tatis
222 4463 380 4513 invictae.
411 4465 435 4512 S.
455 4461 479 4523 5,
497 4459 539 4523 28,
557 4459 631 4512 1.-
665 4458 706 4519 10,
726 4457 764 4521 12,
784 4457 807 4510 9.
836 4457 967 4509 Fluere.
1001 4461 1025 4510 S.
1055 4460 1110 4510 Liv.
1137 4457 1162 4523 7,
1183 4458 1229 4523 32,
1249 4460 1282 4513 7:
1311 4459 1377 4513 sinit

121 4526 202 4578 letan
219 4529 408 4593 fluentibus
426 4529 507 4580 rebus.
526 4557 554 4566 -
584 4526 743 4578 hercules.
771 4528 814 4578 R:
834 4526 944 4579 hercule.

190 4618 280 4683 11111,
301 4619 341 4670 11.
373 4620 549 4687 Oxyartis.
568 4621 609 4670 R:
626 4617 757 4670 Oeatbrie.
776 4645 804 4655 —
826 4618 860 4668 in
876 4616 1221 4673 matrimonicieenoei.
1247 4622 1375 4675 earm·
