2820 4964
275 189 356 254 vm.
379 189 495 256 xnx.
518 195 559 255 na
573 229 598 238 -
613 195 666 257 aa.
686 190 720 257 n.
743 194 887 259 meaa.
908 192 958 260 m.
979 197 1130 261 ros-m.
1269 196 1334 267 aaa

72 358 239 438 effluxerat,
259 360 407 426 contorsit
426 361 457 426 in
477 382 561 428 eum:
582 367 665 448 quod
684 388 741 449 per
759 367 890 430 medium
910 373 1016 448 pectus
1033 367 1200 447 penetravit
1217 368 1259 430 ad
1276 373 1334 435 ter·

71 480 152 539 gum.
196 454 297 520 ³⁷an
318 460 422 521 ultimo
447 462 565 525 virtutis
588 484 681 543 opere
704 465 794 540 edito,
816 467 921 544 fugere
941 463 1039 526 acrius
1062 465 1178 543 coepit:
1199 466 1256 528 sed
1272 465 1333 527 ele·

69 557 198 635 phantus
221 576 350 638 quoque,
378 558 429 638 qui
449 559 543 621 multa
568 569 729 640 exceperat
755 561 823 636 tela,
856 561 1021 622 deficiebat.
1064 562 1267 641 ltaque‘sistit
1286 563 1330 623 fue

49 671 144 731 ,gam
176 653 366 734 peditemque
387 656 524 735 sequenti
546 657 625 718 hosti
644 657 762 720 obiecit.
810 651 907 717 ³&lam
928 655 1100 718 Alexander
1123 654 1329 738 consequutus

68 756 141 823 erat,
161 755 200 824 et,
229 749 393 827 pertinacia
415 753 485 812 Pori
508 753 636 831 cognita,
664 753 784 813 vetabat
805 752 1012 815 resistentibus
1036 755 1129 832 parci.
1170 755 1253 834 Ergo
1274 773 1329 815 nn

67 846 158 926 dique
177 851 208 906 et
227 846 259 906 in
279 847 396 924 pedites
420 856 450 907 et
467 849 497 908 in
519 849 616 926 ipsum
637 849 750 909 Porum
771 850 830 910 tela
847 855 990 926 congesta
1010 857 1096 911 sunt:
1122 850 1189 932 quis
1207 851 1328 912 taudem

66 949 207 1021 maratus
227 941 289 1002 labi
310 963 347 1003 ex
375 943 465 1004 belua
491 945 599 1023 coepit.
646 939 783 1020 ³‘'ludus,
811 943 864 1025 qui
893 943 1082 1022 elephantum
1111 947 1241 1025 regebat,
1275 946 1327 1007 de-

10 1071 12 1076 ·
66 1038 212 1098 scandere
233 1058 300 1099 eum
325 1045 417 1113 ratus,
445 1059 528 1100 more
556 1040 647 1101 solito
669 1040 859 1118 elephantum
882 1041 1083 1119 procumbere
1110 1042 1197 1104 iussit
1224 1043 1254 1103 in
1276 1063 1322 1122 ge

65 1153 140 1196 nua:
169 1135 220 1214 qui
241 1141 275 1196 ut
297 1155 331 1196 se
353 1135 498 1210 submisit,
521 1136 614 1197 ceteri
635 1156 765 1218 quoque,
796 1137 836 1196 ita
858 1136 937 1196 enim
964 1137 1090 1198 instituti
1112 1145 1205 1213 eraut,
1234 1140 1326 1200 demi·

65 1251 134 1293 sere
156 1251 287 1311 corpora
306 1232 337 1292 iu
362 1239 480 1294 terram.
514 1234 560 1294 Ea
581 1252 630 1294 res
651 1238 681 1293 et
694 1233 807 1293 Porum
827 1237 856 1291 et
871 1239 989 1294 ceteros
1011 1235 1176 1296 victoribus
1195 1234 1324 1297 tradidit.

148 1329 195 1390 LI.
240 1322 345 1390 ⁴⁰Rex
362 1328 488 1408 spoliari
512 1347 626 1406 corpus
646 1327 728 1403 Pori,
748 1327 960 1406 interemptum
981 1348 1049 1390 esse
1068 1331 1204 1407 medens,
1231 1331 1324 1408 iubet,

65 1424 166 1504 etqui
192 1425 382 1486 detraherent
405 1424 532 1487 loricam
557 1430 740 1502 vestemque,
771 1442 969 1497 concurrere;
997 1446 1089 1505 quum
1116 1427 1205 1488 belua
1229 1426 1324 1487 domi-

64 1540 136 1582 num
156 1521 233 1580 tueri
255 1527 285 1581 et
307 1520 472 1600 spoliantes
500 1520 600 1598 coepit
622 1524 764 1598 appetere
789 1517 978 1599 levatumque
998 1540 1111 1598 corpus
1132 1520 1196 1582 eius
1218 1541 1323 1584 rursus

11 1690 18 1699 .
64 1617 157 1678 dorso
180 1637 236 1678 suo
258 1617 422 1695 imponere.
463 1617 546 1695 Ergo
573 1616 641 1677 telis
669 1615 801 1695 undique
829 1614 976 1691 obruitur,
1007 1618 1211 1698 confossoque
1233 1638 1271 1679 eo
1291 1618 1323 1678 in

63 1714 233 1775 vehiculum
255 1715 351 1775 Porus
379 1712 551 1790 imponitur.
607 1707 737 1789 ⁴¹Quem
766 1731 820 1771 rex
850 1717 884 1771 ut
909 1711 983 1773 vidit
1002 1712 1178 1775 allevantem
1206 1713 1322 1795 oculos,

62 1831 124 1871 non
147 1811 227 1885 odio,
250 1810 303 1871 sed
326 1807 515 1870 miseratione
537 1815 714 1885 commotus,
741 1810 833 1884 Quae,
853 1808 981 1884 malam,
1004 1808 1107 1890 inquit,
1135 1812 1272 1871 amentia
1294 1818 1323 1872 te

63 1909 167 1985 coegit,
196 1926 301 1966 reram
321 1925 460 1966 mearam
482 1907 607 1984 cognita
621 1902 732 1985 fama,
756 1903 830 1966 delli
844 1903 1020 1984 fortunam
1046 1907 1197 1986 experiri·
1226 1926 1321 1985 qaam

66 2005 193 2064 Taxilen
216 2010 290 2063 esset
309 2004 345 2061 in
366 2003 481 2062 rieditos
503 2003 680 2063 clementiae
706 2021 790 2061 areae
819 2009 884 2061 tam
906 2005 1116 2082 propinquam
1142 2001 1200 2064 tibi
1221 2023 1321 2064 esem-

10 2130 22 2139 ·
55 2101 167 2179 pianr!
205 2093 282 2158 4²At
302 2097 363 2173 ille,
386 2099 548 2173 Quoniam,
569 2098 673 2178 inquit,
687 2098 891 2175 percontaris,
914 2097 1093 2176 respondebo
1114 2120 1151 2160 ea
1172 2098 1320 2173 libertate,

10 2250 22 2271 ,-
60 2215 154 2273 qnam
185 2193 407 2268 interrogando
427 2193 548 2270 fecisti.
602 2193 761 2251 heminam
790 2211 838 2251 me
861 2192 1032 2272 fortiorem
1062 2214 1125 2255 erre
1154 2195 1317 2260 censebam.

10 2274 28 2383 4
59 2293 153 2350 Meas
179 2290 261 2346 enim
287 2304 431 2346 noemam
456 2289 544 2358 eirea
572 2287 710 2346 nondam
739 2294 882 2366 expertas
907 2294 993 2348 taor:
1011 2289 1184 2369 fortiorem
1209 2311 1269 2353 esre
1290 2299 1319 2352 te

10 2382 135 2448 jl'belli
158 2384 262 2445 docuit
285 2389 416 2443 euentan
455 2382 518 2442 Sed
537 2403 576 2442 ne
603 2385 646 2442 sic
669 2383 790 2460 quidem
811 2402 929 2463 parum
945 2383 1038 2463 felix
1062 2405 1140 2460 sam,
1168 2387 1319 2448 sanandas

61 2481 124 2543 tibi.
173 2474 322 2539 ⁴³Rursus
342 2477 552 2556 interrogatus,
583 2478 655 2558 quid
674 2478 739 2556 ipse
760 2479 906 2538 victorem
931 2485 1061 2540 statuere
1083 2480 1194 2540 debere
1215 2501 1316 2542 cense-

60 2586 115 2654 ret,
161 2575 250 2646 and
269 2574 327 2649 hie,
346 2573 450 2654 inquit,
481 2571 599 2634 dt'estibi
617 2573 733 2650 suadet,
781 2593 840 2653 qao
861 2583 1062 2653 exportares,
1084 2577 1318 2655 qaamcaduoa

50 2675 196 2756 felicitas
215 2679 295 2731 esset.
323 2663 430 2732 appu,
449 2670 599 2730 monendo
614 2670 753 2748 profecit,
774 2690 863 2752 quam
884 2670 910 2732 si
924 2678 1065 2750 precatus
1079 2677 1167 2734 esset.
1196 2673 1317 2753 Quippe

10 2820 15 2825 .
60 2769 292 2850 magnitudinem
314 2766 403 2828 animi
425 2767 490 2828 eius
510 2766 673 2826 interritam
688 2785 724 2827 ac
745 2786 783 2828 ne
803 2768 923 2830 fortuna
942 2767 1063 2849 quidem
1082 2767 1237 2831 infractam
1255 2789 1316 2830 non

10 3018 33 3061 “-
122 3016 145 3080 8,
165 3016 205 3078 50,
226 2989 268 3066 37ss
285 3013 438 3065 Peditem.
464 3015 552 3066 Etwas
573 3016 666 3066 uuklar
686 3030 747 3066 vom
765 3018 845 3068 hesta
860 3019 949 3068 seiner
966 3016 1180 3080 lnlanterie,die
1199 3019 1246 3069 ibn
1265 3018 1314 3069 aui

60 3088 108 3136 der
125 3087 217 3135 Flucht
236 3083 367 3148 umgeben
383 3085 465 3133 hatte.

126 3192 150 3254 8,
169 3190 272 3252 51,’40.
306 3190 409 3242 labet.
439 3192 476 3240 F.:
504 3190 584 3240 inerit.
613 3217 642 3226 —
675 3187 702 3252 8,
723 3188 764 3254 51,
786 3186 826 3240 41.
857 3189 987 3242 Malam.
1025 3193 1105 3246 Diese
1132 3196 1312 3260 luterjection,

60 3263 160 3311 welche
178 3275 229 3311 aus
259 3262 320 3310 dem
338 3259 497 3310 Volksleheu
520 3259 754 3322 hervorgegangen
778 3273 811 3308 zu
840 3261 897 3310 sein
915 3261 1029 3321 schcint,
1055 3261 1120 3312 uber
1145 3264 1207 3314 dem
1225 3263 1312 3313 leinen

60 3330 227 3379 Gesohmack
245 3328 293 3377 des
309 3329 402 3378 Cicero
420 3327 494 3377 nicht
512 3340 546 3375 zu
564 3327 668 3389 niedrig
688 3327 797 3386 dunkte,
821 3327 925 3376 kommt
941 3329 1155 3380 aussehliesslich
1171 3332 1200 3380 in
1216 3332 1314 3380 relati-

58 3411 111 3446 ven
130 3397 236 3458 Frage·
258 3396 312 3445 und
329 3394 587 3456 husrulungssa'tzen
607 3407 663 3443 vor.
700 3396 749 3444 Die
766 3394 943 3458 Empfindung
964 3395 1012 3447 des
1033 3397 1224 3460 Sprecheuden
1241 3399 1313 3448 kann

59 3465 115 3514 sich
135 3464 211 3512 darin
238 3476 291 3511 von
312 3462 360 3512 der
381 3467 504 3524 grussten
522 3461 663 3523 Heltigheit
680 3476 714 3510 zu
732 3462 851 3524 galinder
868 3461 1035 3513 Reizbarlreit
1060 3463 1192 3516 abstuien.
1226 3465 1312 3528 Vergl.

58 3534 165 3582 Terent.
183 3531 359 3580 Heautontim.
384 3526 408 3590 9,
427 3526 451 3591 3,
469 3526 514 3577 77:
554 3544 608 3589 aaa,
627 3527 765 3590 malam,
784 3527 902 3594 ambaqes
918 3529 980 3580 mihi
995 3546 1107 3580 narrare
1124 3530 1240 3599 occipit?
1257 3534 1332 3584 Cic·

58 3601 92 3649 de
111 3599 153 3648 oli.
175 3595 201 3657 9,
220 3595 259 3657 15,
278 3595 325 3647 53:
345 3612 410 3662 qaae
428 3603 461 3655 te,
481 3545 611 3656 maiam,
631 3596 700 3645 ratio
719 3597 747 3644 in
763 3596 868 3645 istams
887 3612 925 3646 em
942 3597 1054 3659 inducit,
1073 3607 1104 3648 at
1122 3615 1163 3650 eoa
1181 3599 1227 3650 tibi
1245 3599 1311 3666 fide·

58 3665 94 3714 les
114 3672 220 3732 patarea
236 3666 302 3728 fare,
327 3680 389 3730 quos
410 3663 520 3730 pecnnia
538 3663 716 3729 corrupisses?
748 3666 801 3714 liv.
820 3663 846 3724 5,
865 3613 909 3724 64,
925 3662 955 3715 6;
983 3680 1057 3732 qaae,
1076 3666 1211 3730 malam,
1241 3668 1311 3717 ratio

57 3740 102 3794 eat,
124 3733 236 3799 expertis
251 3731 308 3782 alio
326 3731 446 3798 experiri.
467 3755 496 3765 -
532 3729 683 3781 Tanites.
706 3733 744 3780 Z.:
774 3730 881 3781 Tanos.
901 3758 932 3768 -
964 3733 999 3782 in
1016 3732 1311 3785 deditosalemen-

42 3801 127 3850 ·tiae
145 3817 241 3850 meae.
280 3801 421 3850 aehnliche
439 3799 555 3861 Stellung
572 3813 593 3847 z.
612 3799 640 3846 B.
656 3796 683 3858 4,
699 3795 743 3858 34,
762 3796 809 3848 16·;
828 3815 866 3848 ea
885 3815 950 3848 aura
969 3802 1108 3852 crateram.
1131 3801 1155 3864 7,
1171 3800 1213 3866 39,
1231 3801 1263 3853 9:
1279 3803 1313 3852 in

56 3868 575 3985 t⁶tn.a?tttt..tt.lllttlttt
591 3865 1313 4000 inlittthtsst{timinianinith}

57 4019 78 4054 z.
98 4005 126 4054 B.
146 4000 172 4064 4,
190 4000 213 4065 6,
232 4001 277 4054 343
294 4001 394 4069 proelio
415 3998 501 4067 apud
518 3999 597 4049 Isson.
618 3997 641 4062 5,
664 3998 686 4062 1,
704 3998 736 4050 9ε
753 3999 854 4067 proelia
873 4003 960 4070 apud
976 4001 1085 4054 Arbela.
1101 4001 1128 4066 4,
1139 4000 1180 4067 44,
1196 4002 1240 4054 11;
1262 4020 1309 4054 ea-

54 4072 141 4138 ptiaas
160 4071 249 4138 apud
264 4070 425 4120 Damascum.
451 4064 477 4130 4,
493 4065 537 4128 99,
552 4065 583 4118 9:
606 4067 704 4134 reqioni
723 4068 821 4119 circa
843 4069 942 4135 Tyrum.
968 4068 993 4133 4,
1012 4067 1054 4132 93,
1074 4068 1121 4122 14;
1140 4070 1238 4122 insulas
1254 4072 1311 4121 in-

58 4147 113 4187 ter
130 4137 259 4189 Achaiam
279 4145 356 4204 atque
374 4135 473 4186 Asiam.
498 4132 522 4196 6,
542 4132 582 4196 19,
599 4132 645 4185 95;
666 4135 777 4186 ammam
796 4137 887 4187 inter
908 4137 1051 4188 Caucaseam
1067 4146 1220 4191 montanai
1239 4138 1311 4190 Pha-

56 4207 98 4256 sin
114 4222 212 4256 amnem
229 4207 422 4274 imperitantem.
448 4199 472 4264 6,
492 4201 536 4263 98,
556 4200 604 4254 33:
622 4203 733 4269 {arama
751 4203 843 4253 inter
861 4214 1002 4255 amatorem
1022 4211 1047 4254 et
1066 4205 1198 4257 eaoietam.
1226 4205 1253 4268 8,
1267 4205 1309 4271 97,

56 4272 80 4324 9.
102 4271 130 4334 9,
148 4272 190 4336 40,
211 4273 258 4324 19ι
282 4272 366 4340 spolia
390 4271 428 4321 de
454 4269 571 4320 bertilae.
600 4268 625 4333 9,
646 4270 670 4331 1,
689 4268 722 4322 93
742 4287 754 4320 a
773 4271 827 4322 alia
845 4272 883 4322 de
899 4273 991 4324 Peraia.
1023 4271 1047 4338 7,
1066 4272 1108 4337 39,
1126 4271 1173 4326 34ε
1193 4274 1312 4326 Maestae

56 4341 148 4391 mortis
173 4341 294 4391 solatiam
318 4357 356 4390 aa
379 4338 488 4389 laenam
511 4337 594 4388 coede.
624 4337 649 4401 7,
667 4336 711 4400 97,
733 4288 781 4390 1i:
807 4341 853 4406 qai
874 4339 1033 4392 clementiam
1049 4343 1129 4410 ipsias
1152 4343 1189 4392 in
1207 4342 1311 4403 deditos,

57 4408 183 4476 simulque
197 4409 382 4459 inexorabilem
399 4405 511 4457 ammam
529 4407 563 4455 in
581 4405 692 4456 deaietm
710 4407 875 4458 ostenderent.
894 4407 919 4471 7,
936 4407 979 4469 38,
999 4406 1044 4461 18:
1065 4409 1199 4461 clementia
1215 4411 1249 4460 in
1265 4411 1311 4460 de-

57 4478 139 4526 uictos
156 4477 273 4542 Scythas.
314 4479 401 4528 Etwus
426 4476 588 4538 gerundater
606 4472 634 4535 6,
652 4471 695 4538 94,
715 4473 761 4527 36;
788 4474 891 4527 eccleis
914 4477 949 4527 in
971 4493 1056 4544 repam
1077 4494 1149 4528 sunm
1172 4479 1316 4546 particeps.

57 4544 83 4604 8,
104 4542 212 4622 18,19;
237 4543 474 4609 animatamque
492 4541 640 4610 eaenaplam.
666 4540 692 4607 8,
709 4541 751 4608 99,
767 4541 816 4594 tt:
836 4544 896 4595 initi
913 4545 1014 4596 consilii
1032 4546 1067 4597 in
1085 4554 1163 4615 caput
1182 4547 1250 4615 repit
1265 4548 1314 4598 in-

57 4627 161 4664 nomae.
