2820 4964
320 244 357 308 V.
377 242 451 304 XX.
474 242 600 306 8-210.
621 236 709 304 xxi.
734 241 880 305 11-39.
901 236 1002 301 XXlL
1027 238 1053 300 1.
1253 229 1314 298 1116

58 415 212 493 fatigatum
232 412 353 474 militem
366 389 547 488 sterrebant,
571 405 767 495 humanarum
787 427 888 471 rernm
909 407 1052 469 terminos
1072 424 1104 501 sc
1126 404 1228 467 videre
1250 422 1317 466 cre-

59 514 187 574 dentem.
231 509 340 572 Omnia
357 515 442 570 vasta
466 513 556 587 atque
570 508 648 568 'siue
675 507 740 569 ullo
766 505 887 567 humaui
919 505 1019 566 cultus
1044 503 1172 582 vestigio
1196 500 1318 562 attoniti·

59 600 257 683 intuebantur,
277 613 314 683 et,
334 611 491 687 antequam
507 603 559 666 lox
581 623 701 686 quoque
721 608 752 665 el
771 602 892 664 coelum
912 602 996 681 ipsos
1016 601 1187 675 deficerent,
1203 597 1315 659 reverti

59 698 215 767 iubebant.
246 697 342 765 “Rex
365 702 511 780 castigarc
533 701 654 762 territos
675 698 860 780 supersedit:
892 705 1026 759 cetenim
1049 697 1116 776 ipse
1136 706 1216 776 e'quo
1239 695 1319 756 desi·

58 798 122 874 luit,
135 800 288 880 pedesque
298 797 449 877 pernives
462 803 493 858 et
512 804 683 858 concretam
703 795 829 875 glaciem
848 793 966 873 ingredi
985 793 1095 873 coepit.
1125 792 1321 855 Embuenmt-

57 914 120 955 nou
142 895 226 976 sequi
249 895 378 974 primum
398 893 500 970 amici,
528 892 636 955 deinde
660 891 815 970 copiarum
838 890 946 967 duces,
977 891 1016 951 ad
1035 888 1174 950 ultimum
1191 888 1315 950 milites:

58 991 241 1071 primusque,
254 1010 308 1051 rex
337 989 462 1049 dolabra
482 987 609 1068 glaciem
636 987 837 1067 perfringens,
865 987 923 1047 iter
948 986 1006 1048 sibi
1033 986 1120 1047 fecit:
1148 986 1317 1065 exemplum

57 1090 141 1168 regis
160 1088 255 1150 ceteri
277 1085 382 1146 imitati
402 1090 479 1146 sunt.
517 1079 682 1146 ¹⁵Tandem
707 1101 768 1163 pro
787 1084 929 1145 emodnm
956 1084 1052 1146 invias
1077 1082 1168 1144 silvas
1195 1083 1320 1158 emensi,

56 1184 181 1245 hnmani
193 1184 291 1245 cultus
301 1201 369 1242 rara
382 1181 507 1261 vestigia
520 1186 551 1241 et
565 1181 677 1260 passim
695 1104 829 1242 erranssles
843 1200 989 1260 pecorum
1010 1198 1117 1260 greges
1137 1194 1317 1258 repperere:

58 1289 91 1341 et
105 1279 232 1354 incolae,
254 1278 305 1358 qui
318 1278 429 1356 sparsis
448 1276 575 1356 tuguriis
596 1278 775 1353 habitabant,
796 1296 887 1357 quum
907 1296 941 1338 se
961 1277 1086 1338 callibus
1105 1275 1193 1337 inviis
1208 1282 1322 1360 septos

57 1397 129 1439 esse
141 1375 346 1448 credidissent,
366 1380 402 1435 ut
423 1392 610 1452 conspexere
630 1362 762 1434 hostium
783 1391 897 1451 agmen,
918 1373 1090 1448 interiectis,
1110 1372 1163 1452 qui
1183 1362 1319 1433 comitari

58 1473 209 1552 fugientes
234 1489 296 1531 non
324 1465 477 1548 poterant,
510 1470 621 1531 devios
642 1475 761 1529 montes
789 1474 823 1560 et
846 1468 965 1528 nivibus
994 1466 1110 1528 obsitos
1140 1468 1317 1545 petiverunt.
1358 1554 1360 1559 Α

58 1566 170 1641 ¹⁶lnde
192 1588 249 1648 per
268 1565 422 1645 colloquia
442 1565 630 1644 captivorum
651 1564 801 1643 paulatim·
816 1564 934 1625 feritate
955 1562 1094 1642 mitigata,
1117 1563 1267 1624 tradidere
1285 1581 1319 1624 se

59 1667 134 1747 regi.
177 1666 244 1726 Nec
264 1663 295 1723 in
311 1661 435 1723 deditos
453 1661 575 1742 gravius
596 1653 777 1723 consultum.
794 1702 797 1707 -

144 1757 169 1799 ¹⁷
182 1739 312 1822 Vastatis
324 1759 393 1819 inde
411 1759 491 1837 agris
503 1759 634 1820 Persidis
653 1757 788 1838 vicisque
807 1756 1013 1836 compluribus
1034 1756 1163 1818 redactis
1183 1756 1213 1817 in
1234 1764 1321 1836 potes

61 1865 179 1933 statem,
202 1852 322 1918 ve‘ntum
346 1862 392 1917 est
413 1855 443 1915 in
454 1856 628 1917 Mardorum
649 1859 769 1933 gentem
786 1854 962 1916 bellicosam
984 1859 1014 1914 et
1033 1854 1158 1917 multum
1174 1857 1320 1919 arcteris

60 1955 163 2015 Persis
184 1953 267 2015 cultu
285 1953 363 2013 vitae
385 1952 603 2012 abhorrentem.
647 1942 766 2030 Specus
790 1951 820 2010 in
841 1951 994 2012 montibus
1016 1950 1148 2027 fodiunt,
1180 1951 1211 2012 in
1243 1972 1321 2034 quos

62 2070 155 2132 seque
175 2071 216 2112 ao
231 2049 375 2128 coniuges
398 2058 428 2107 et
445 2048 558 2109 liberos
583 2049 732 2109 condunt:
761 2053 978 2128 peconim‘aut
1000 2048 1129 2110 serarum
1155 2068 1245 2110 carne
1270 2070 1321 2112 ve-

62 2153 195 2207 scuntur.
237 2141 263 2184 ¹⁸
271 2142 321 2206 Ne
348 2143 466 2203 feminis
495 2145 615 2223 quidem
645 2165 702 2222 pro
732 2151 856 2205 naturae
887 2144 992 2206 habitu
1026 2142 1166 2206 molliora
1203 2147 1330 2226 ingenia¹

62 2249 146 2303 sunt:
176 2257 280 2298 colnac
303 2237 474 2314 prominent
493 2239 606 2312 hirtae,
632 2240 725 2300 vestis
748 2259 841 2318 super
862 2260 959 2320 genua
981 2247 1040 2302 est:
1072 2242 1164 2302 funda
1186 2243 1322 2307 vinciunt

61 2338 209 2406 frontem,
227 2334 286 2391 hoc
307 2337 336 2390 et
357 2339 563 2392 ornamentum
584 2334 690 2411 capitis
704 2342 738 2414 ¹et
761 2336 852 2397 telum
879 2343 933 2398 est.
974 2331 1067 2397 ¹⁹Sed
1095 2341 1172 2399 hanc
1200 2360 1322 2420 quoque

63 2439 184 2513 gentem
206 2429 285 2489 idem
307 2427 446 2486 fortunae
465 2426 594 2506 impetus
617 2429 739 2511 domuit.
780 2433 883 2512 ltaque
906 2432 1059 2511 trigesimo
1078 2435 1325 2514 die,.postquam

63 2524 252 2606 aPersepoli
276 2523 431 2602 proiectus
451 2530 522 2599 erat,
545 2525 652 2584 eodem
673 2526 770 2587 rediit.
806 2521 932 2587 2⁰D0na
949 2528 1058 2589 deinde
1075 2528 1179 2589 amicis
1201 2530 1323 2592 ceteris

66 2643 123 2703 que
145 2641 203 2701 pro
226 2621 372 2699 cuiusque
393 2619 499 2680 merito
524 2620 614 2682 dedit.
658 2621 883 2701 Propemodum
904 2624 1018 2702 omnia,
1041 2645 1118 2706 quae
1139 2625 1169 2687 in
1191 2644 1226 2687 ea
1246 2626 1323 2688 urbs

65 2724 196 2797 ceperat,
218 2716 382 2778 distributa.
1160 2784 1164 2791 ¹
1257 2798 1260 2803 Ι

149 2815 251 2875 XXll.
283 2806 490 2873 ll¹¹³¹Ceterum
511 2812 641 2892 ingentia
659 2813 749 2873 animi
767 2815 856 2892 bona,
876 2816 959 2877 illam
977 2816 1118 2894 indolem,
1139 2837 1199 2898 qua
1219 2836 1324 2880 omnes

66 2910 343 2989 regesautecessit,
364 2909 444 2971 illam
465 2908 495 2968 in
517 2909 681 2971 subeundis
704 2911 846 2989 periculis
866 2912 1078 2989 constantiam,
1098 2913 1128 2977 in
1146 2913 1238 2976 rebus
1258 2933 1324 2976 mo

65 3191 129 3237 uem,
146 3191 197 3224 unu
211 3178 310 3243 frugem
326 3175 381 3226 ulit.
418 3179 511 3227 senec.
531 3177 607 3229 Herc.
626 3174 743 3229 1111697
759 3175 801 3227 11.;
827 3192 878 3227 nou
896 3185 976 3244 pratu
994 3177 1071 3228 uiridi
1089 3178 1159 3235 heta
1176 3179 1246 3245 sacia
1260 3196 1323 3246 per-

63 3244 181 3304 miram:
202 3261 249 3294 uec
268 3243 360 3294 adulta
386 3242 436 3293 leui
463 3244 571 3306 fluctuat
595 3243 711 3312 Zephyro
732 3261 816 3311 seges:
841 3261 892 3294 unu
915 3244 971 3296 ullu
989 3263 1076 3297 ramas
1093 3247 1160 3299 silea
1185 3248 1324 3315 pomiferos

64 3311 157 3371 hubet3
174 3311 313 3361 sterilis
327 3311 492 3378 profundi
510 3312 663 3361 castitas
681 3312 819 3378 squalet
835 3311 924 3374 soli,
945 3321 977 3362 et
994 3314 1095 3378 foeda
1114 3314 1227 3365 tellus
1245 3322 1324 3365 tor-

62 3385 122 3445 pet
139 3386 281 3428 aeterua
298 3380 387 3441 situ,·
406 3395 581 3444 rerumque
598 3387 745 3430 :nuestus
761 3381 850 3445 fluis
868 3387 898 3430 et
915 3381 1027 3431 murali
1045 3382 1174 3432 ultima.
1196 3409 1225 3418 -
1249 3390 1327 3433 ter-

63 3447 173 3496 minos.
193 3449 217 3497 S.
235 3443 261 3507 1,
280 3446 321 3508 39,
341 3445 365 3497 3.
386 3444 412 3507 9,
434 3444 473 3510 16,
495 3444 534 3496 18.

135 3533 159 3598 5,
177 3534 275 3596 31,11.
297 3536 403 3587 Nives.
423 3538 464 3586 F.:
482 3537 571 3590 uiuere.
590 3539 643 3588 Der
655 3539 748 3588 Plural.
759 3540 794 3589 ist
803 3541 878 3590 mehr
893 3540 1062 3600 mahlerisch,
1080 3540 1210 3593 indemer
1238 3542 1325 3593 leich-

64 3616 126 3673 surp
142 3605 184 3654 die
204 3605 414 3655 Schneemassen
432 3605 586 3668 dem‘huge
604 3606 732 3655 uorldhrt.
765 3608 851 3670 Vergl.
871 3603 896 3668 6,
913 3603 939 3666 9,
961 3604 999 3657 16.
1024 3605 1047 3669 7,
1066 3605 1105 3669 13,
1124 3605 1163 3658 11.
1180 3607 1205 3671 8,
1256 3646 1265 3670 ,
1285 3608 1327 3663 13,

65 3700 98 3707 -
162 3669 205 3735 31,
222 3670 260 3722 15.
283 3671 417 3721 Passim.
445 3673 507 3722 Hier
526 3674 598 3721 nicht
616 3687 647 3724 so
666 3675 743 3724 sehr:
764 3674 864 3724 hberall
884 3676 916 3734 (s.
936 3671 962 3734 5,
983 3672 1023 3735 30,
1042 3671 1074 3738 6),
1099 3677 1149 3726 als:
1170 3690 1203 3726 an
1224 3679 1326 3728 einzel-

63 3753 119 3789 nen
185 3738 189 3743 '
220 3743 387 3798 ,zerstreut
405 3739 492 3801 Vergl.
513 3735 537 3801 1,
558 3737 598 3801 38,
621 3739 661 3791 19.
682 3768 710 3776 -
734 3757 862 3806 greges.
886 3741 981 3791 Dieser
999 3745 1053 3805 Zug
1072 3743 1143 3792 steht
1159 3744 1329 3809 keineswegs

63 3809 101 3856 im
123 3807 315 3868 Widerspruch
340 3821 373 3855 zu
394 3807 442 3855 der
470 3806 581 3869 ttbrigen
601 3808 782 3872 Schilderung,
808 3809 925 3858 sondern
951 3822 981 3859 er
998 3809 1126 3873 bestatigt
1146 3810 1189 3860 dle
1208 3813 1327 3874 Anslcht,

64 3875 132 3924 dass
149 3873 197 3922 der
209 3875 314 3924 Marsch
332 3874 403 3923 belm
414 3873 629 3923 Hereiubrechen
643 3876 691 3924 des
702 3876 838 3938 Frithlings
856 3879 1061 3926 unternommen
1079 3877 1201 3937 worden,
1218 3892 1262 3928 wo
1283 3880 1328 3929 die

63 3941 206 4004 geschtitzt
223 3941 361 4004 liegendeu
381 3941 474 3990 Thaler
498 3941 581 3990 schou
599 3942 711 3992 friseher
730 3943 888 4006 vegetation
914 3943 972 3993 sich
998 3943 1143 3994 erirauteu.
1165 3971 1197 3979 -
1222 3961 1328 4011 spar-

62 4009 122 4057 str.
143 4009 169 4056 S.
187 4007 211 4072 5,
230 4005 256 4068 1,
272 4006 313 4057 37.
336 4035 364 4044 -
386 4006 544 4057 collibus.
566 4009 651 4071 Vergl.
670 4005 693 4072 1,
714 4005 755 4072 17,
776 4006 799 4059 6.
829 4011 940 4060 Warum
959 4010 1031 4060 nicht
1049 4009 1180 4060 collibus?

136 4095 160 4159 5,
177 4095 218 4160 31,
245 4096 284 4148 17.
322 4097 352 4146 M
358 4097 525 4159 ardorum.
563 4099 612 4148 Dis
639 4099 793 4150 Wohnsitze
819 4101 907 4150 dieses
931 4084 1028 4150 Volkes‘
1053 4101 1142 4150 lasseu
1169 4100 1227 4152 sich
1253 4099 1328 4151 nicht

63 4179 155 4230 genau
172 4165 329 4228 abgrenzeu.
350 4166 436 4229 Vergl.
452 4163 479 4224 3,
497 4163 539 4223 33,
556 4163 579 4214 3.
602 4192 634 4200 -
655 4164 861 4217 bellicosam.
880 4168 920 4217 F.:
942 4165 1163 4217 bellicosissimam.
1179 4194 1207 4203 —
1228 4182 1329 4232 reque

63 4239 190 4283 cac—ct.
209 4235 236 4282 S.
258 4231 331 4293 2113,
352 4230 393 4295 33,
413 4230 453 4281 37.
473 4259 501 4268 -
520 4231 544 4293 6,
562 4229 603 4294 31,
624 4230 664 4282 18.
683 4233 730 4283 Ne
745 4234 881 4298 seminia
900 4233 1038 4300 quidem.
1065 4237 1092 4284 S.
1109 4249 1143 4284 zu
1169 4232 1196 4294 3,
1219 4232 1263 4294 39,
1284 4232 1326 4287 31.

65 4329 97 4337 -
118 4298 294 4350 molliora.
314 4303 340 4349 S.
360 4296 386 4359 6,
407 4298 432 4361 7,
450 4296 481 4348 6:
500 4298 642 4348 mollier
658 4302 810 4352 ecmuetudo
823 4300 971 4369 permulcet.
989 4303 1043 4352 Lis.
1060 4300 1102 4362 31,
1120 4299 1163 4362 37,
1179 4299 1211 4353 61
1230 4309 1255 4351 ct
1275 4292 1330 4351 luri

65 4368 134 4417 loeis
153 4365 373 4417 mollioribus
395 4375 420 4416 et
439 4366 587 4417 accolarum
604 4368 720 4432 lugentis.
739 4397 767 4409 -
789 4369 1034 4436 praevalueras.
1054 4372 1100 4419 Ov.
1120 4371 1180 4420 rtet.
1200 4368 1240 4432 13,
1260 4367 1327 4419 811τ

64 4451 142 4485 coma
155 4432 270 4500 plurimu
290 4442 374 4484 tereos
391 4435 563 4501 prominet
581 4435 616 4484 lu
634 4435 759 4487 uultus.
783 4464 811 4473 —
832 4452 932 4502 super
945 4452 1059 4501 genua.
1078 4433 1202 4501 vergat,
1218 4434 1260 4498 19,
1275 4434 1326 4488 361

64 4519 115 4553 uec
134 4501 203 4551 sirus
221 4501 445 4565 restis—iufra
460 4518 566 4568 genua
589 4502 724 4555 deseendit.
757 4506 918 4557 onerose.
940 4504 965 4564 1,
983 4501 1051 4555 407:
1075 4503 1126 4555 illu
1150 4520 1250 4573 super
1267 4521 1326 4556 su·
1374 4540 1385 4547 -

64 4586 125 4621 rar
145 4570 293 4620 luricam
310 4569 467 4620 collecta.

137 4658 171 4722 6,·
182 4658 224 4724 33,
241 4659 266 4712 1.
300 4659 400 4710 lllum
415 4659 567 4711 tudelam.
588 4663 615 4712 S.
636 4663 664 4712 C.
683 4659 708 4726 3,
726 4658 770 4722 33,
789 4658 835 4712 bb:
856 4676 932 4727 quum
950 4659 1041 4712 vellem
1060 4660 1161 4714 Dareus
1178 4663 1280 4730 uliparid
1294 4679 1327 4713 ee
