2820 4964
114 186 178 253 aul
369 210 372 215 ¹
603 189 644 271 Q.
667 189 808 255 Cllll'l'll
833 188 930 255 unul

116 379 184 422 rum
205 358 303 438 spatio
323 360 491 421 Caucasum
513 359 667 438 superavit
689 359 848 421 exercitus.
890 358 995 437 Rupes
1019 359 1050 419 iu
1079 377 1118 421 eo
1138 346 1171 421 X
1193 359 1225 420 iu
1253 361 1383 425 circuitu

116 458 211 521 stadia
235 453 461 534 complectitur,
492 461 634 536 quattuor
662 456 693 517 in
722 455 906 518 altitudinem
935 455 1069 531 excedit,
1098 455 1129 515 in
1161 474 1222 536 qua
1250 455 1382 518 vinctim

115 553 293 617 Promethea
324 551 417 613 inisse
445 551 604 632 antiquitas
629 551 728 614 tradit
779 547 999 614 ²³Condendae
1027 552 1059 613 iu
1087 551 1242 614 radicibus
1272 555 1382 616 montis

114 651 184 714 urbi
202 648 290 711 sedes
311 646 408 709 electa
436 654 491 709 est.
534 648 590 708 Vss
616 647 737 711 milibus
762 648 916 711 seniorum
937 648 1138 711 Macedonum
1167 653 1199 708 et
1224 653 1382 727 praeterea

115 748 267 822 militibus,
292 762 422 826 quorum
443 763 538 822 opera
559 743 603 804 uti
624 745 762 821 desisset,
788 745 968 826 permissum
989 745 1020 806 in
1046 765 1155 807 novam
1175 744 1283 806 urbem
1312 764 1380 808 con

115 847 223 909 sidere.
267 842 353 911 Hauc
374 860 496 922 quoque
516 839 728 902 Alexandriam
746 841 865 902 incolae
886 841 1123 922 appellaverunt

197 940 270 1002 XV.
313 930 415 996 ¹V·¹At
431 936 551 1012 Ressus,
571 935 736 998 Alexandri
758 939 909 1000 celeritate
929 938 1115 1019 perterritus,
1138 938 1196 1000 diis
1209 937 1317 1018 patriis
1336 959 1378 1001 sa·

114 1039 229 1102 crilicio
250 1036 307 1096 rite
334 1033 424 1108 factu,
450 1031 530 1093 sicut
552 1033 610 1094 illis
637 1034 776 1113 gentibus
802 1054 869 1096 mos
888 1040 943 1112 est,
967 1056 1036 1098 cum
1059 1034 1165 1097 amicis
1192 1034 1377 1116 ducibusque

114 1137 268 1215 copiarum
292 1130 370 1190 iuter
393 1129 497 1208 epulas
515 1130 554 1189 de
575 1130 656 1192 bello
680 1131 877 1197 consultabat.
922 1126 1061 1194 2Graves
1090 1150 1177 1193 mero
1204 1150 1278 1193 suas
1303 1132 1377 1194 vires

114 1229 267 1304 extollere,
291 1228 420 1290 bostium
435 1246 516 1287 nunc
535 1227 740 1303 temeritatem,
762 1247 843 1289 nunc
862 1229 1043 1308 paucitatem
1062 1246 1208 1309 spernere
1224 1228 1377 1309 incipiunt

112 1325 304 1405 ³Praecipue
321 1327 444 1399 Bessus,
472 1323 559 1384 ferox
579 1324 681 1386 verbis
704 1331 734 1386 et
754 1331 842 1404 parto
863 1346 919 1405 per
937 1324 1036 1388 scelus
1056 1344 1152 1405 regno
1173 1326 1326 1405 superbus
1344 1346 1377 1389 ac

112 1427 163 1488 vix
185 1429 295 1503 potens
316 1420 433 1496 mentis,
462 1419 563 1480 dicere
585 1419 712 1496 orditur,
744 1421 885 1482 socordia
903 1421 996 1482 Darei
1025 1421 1158 1484 crevisse
1177 1422 1310 1485 bostium
1338 1424 1378 1483 ia-

113 1541 201 1582 mam.
242 1511 445 1579 lOccurrisse
466 1515 545 1576 enim
569 1516 599 1576 in
623 1515 746 1578 Ciliciae
768 1518 985 1597 augustissimis
1005 1518 1151 1596 faucibus,
1173 1538 1268 1600 quum
1285 1526 1377 1581 retro

113 1616 250 1681 cedendo
277 1620 383 1694 posset
402 1613 570 1694 perducere
597 1613 734 1675 incautos
757 1615 787 1674 in
809 1613 878 1675 loca
901 1621 1026 1677 naturae
1051 1615 1111 1677 situ
1134 1615 1225 1689 invia,
1252 1622 1300 1677 tot
1326 1616 1377 1675 flu-

112 1715 240 1776 minibus
260 1711 395 1786 obiectis,
419 1716 464 1771 tot
486 1709 631 1771 montium
651 1709 784 1787 latebris,
806 1710 884 1773 inter
902 1732 977 1793 quas
998 1712 1204 1791 deprehensus
1224 1712 1324 1774 bostis
1341 1731 1376 1772 ue

114 1815 203 1892 fugae
222 1808 352 1888 quidem,
376 1807 486 1868 nedum
507 1805 665 1868 resistendi
684 1805 874 1868 occasionem
896 1808 986 1869 fuerit
1004 1808 1168 1871 habiturus.
1209 1807 1375 1887 55111111-

113 1928 184 1971 cere
210 1907 241 1966 iu
270 1903 440 1984 Sogdianos
471 1904 624 1978 recedere,
655 1903 754 1963 Oxum
782 1923 898 1966 amnem
924 1905 1008 1966 velut
1037 1925 1157 1967 murum
1188 1903 1375 1967 obiecturum

112 2005 202 2081 hosti,
233 2002 304 2063 dum
328 2021 365 2061 ex
387 2000 517 2062 finitimis
540 1999 677 2079 gentibus
706 1999 803 2061 valida
832 2001 943 2063 auxilia
971 2007 1197 2064 concurrerent
1242 1996 1376 2063 ⁶Ventu-

111 2122 164 2164 ros
191 2106 289 2160 autem
316 2097 511 2159 Chorasmios
539 2101 570 2157 et
593 2096 694 2156 Dahas
721 2097 875 2177 Sacasque
904 2105 934 2160 et
959 2100 1051 2161 ludos
1079 2104 1111 2160 et
1139 2098 1220 2159 ultra
1252 2099 1374 2160 Tanaim

111 2217 228 2259 amnem
250 2194 383 2256 colentes
405 2194 549 2274 Scythas,
573 2212 702 2274 quorum
723 2193 872 2255 neminem
894 2196 971 2258 adeo
992 2196 1134 2258 humilem
1164 2214 1242 2274 esse,
1270 2202 1306 2257 ut
1324 2197 1375 2257 hu-

111 2294 186 2356 meri
209 2293 273 2354 eius
303 2310 364 2353 nou
386 2297 512 2369 possent
539 2288 713 2350 macedonis
742 2288 845 2352 militis
871 2291 1016 2354 verticem
1041 2310 1182 2375 aequare.
1226 2288 1375 2355 'Gunela-

111 2396 192 2454 mant
222 2387 384 2463 temulenti,
410 2406 501 2447 ranam
529 2387 605 2447 huno
632 2386 807 2448 sententiam
831 2387 984 2450 salubrem
1010 2408 1092 2452 esse:
1125 2395 1156 2450 et
1176 2391 1293 2452 Bessus
1320 2389 1374 2451 cir·

111 2486 253 2551 cumferri
275 2504 389 2546 mamm
410 2482 523 2562 largius
544 2482 636 2558 iubet,
667 2481 870 2544 debellaturus
896 2504 989 2564 super
1009 2504 1142 2547 mensam
1160 2484 1373 2548 Alexandrum.

195 2583 280 2644 XVl.
324 2575 421 2641 8Erat
440 2581 470 2640 in
492 2599 530 2640 eo
554 2577 694 2640 convivio
716 2578 860 2656 Gobares
887 2581 1008 2644 natione
1029 2583 1146 2659 Medus,
1165 2583 1221 2644 sed
1242 2582 1373 2662 magicae

111 2681 183 2743 artis
209 2678 361 2758 (simodo
386 2696 435 2738 ars
461 2681 514 2752 est,
546 2695 606 2736 non
631 2674 783 2736 vanissimi
809 2676 955 2760 cuiusque
980 2677 1157 2765 ludibrium)
1182 2679 1281 2761 magis
1306 2699 1373 2759 pro

112 2779 254 2852 sessione,
275 2796 364 2856 quam
384 2771 509 2836 scientia
528 2772 655 2848 celeber,
675 2770 787 2853 alioqui
808 2773 979 2837 moderatus
999 2781 1031 2839 et
1046 2776 1173 2855 probus.
1213 2771 1265 2839 ⁰ls
1285 2796 1373 2858 quum

110 2875 262 2955 praefatus
283 2878 371 2949 esset,
399 2870 477 2932 scire
500 2888 589 2932 servo
611 2869 713 2931 utilius
734 2888 801 2930 esse
823 2889 930 2949 parcre
952 2872 1043 2949 dicto,
1064 2892 1152 2955 quam
1175 2873 1285 2936 afferre
1305 2892 1372 2936 con

113 3088 144 3123 so
163 3069 339 3136 geschriebcn
360 3072 425 3132 sein,
443 3070 495 3120 wic
516 3071 556 3120 sie
572 3069 694 3132 rorliegt.
730 3070 812 3119 Unter
831 3069 883 3121 den
903 3073 969 3122 zwei
989 3072 1065 3124 allelu
1084 3072 1235 3136 mogllcheu
1254 3075 1371 3123 Vermn-

114 3141 246 3202 thungen:
275 3135 330 3186 ulia
348 3136 375 3184 iu
394 3134 499 3184 rubium
519 3152 599 3196 marc,
620 3134 675 3184 aliu
690 3135 718 3184 iu
736 3136 887 3201 hyrcanium
907 3145 931 3188 et
948 3139 1080 3206 ponticum
1096 3138 1225 3202 decidunt,
1248 3142 1306 3193 und
1321 3137 1371 3189 ulia

112 3207 141 3255 iu
161 3204 273 3266 rubrum,
295 3202 350 3252 aliu
369 3204 397 3252 iu
412 3203 526 3269 cuspium
544 3219 622 3265 mure,
649 3200 705 3251 aliu
726 3205 753 3252 iu
770 3206 901 3270 ponticum
926 3206 1045 3257 decidunt
1067 3208 1136 3261 wird
1159 3222 1224 3260 mun
1243 3210 1316 3261 wohl
1333 3208 1370 3257 sur

111 3275 155 3325 die
173 3276 276 3325 erstere
296 3272 478 3323 entschciden.
515 3271 603 3321 Dulier
621 3271 664 3321 die
689 3272 847 3326 Illammern.

179 3364 203 3428 7,
222 3362 263 3425 11,
282 3361 323 3413 12.
350 3362 457 3429 Super
467 3361 550 3413 uuit.
579 3363 726 3414 Alexander
742 3365 846 3414 scheint
862 3367 935 3417 nicht
949 3366 998 3417 aus
1006 3367 1068 3418 dem
1078 3368 1282 3431 gewohnlicben
1294 3370 1370 3431 wege

110 3436 195 3487 durch
216 3435 268 3484 den
288 3433 352 3482 Pass
369 3444 422 3480 von
442 3429 552 3478 Bamian
573 3429 640 3481 uber
659 3431 707 3482 das
721 3431 833 3497 Gebirge
851 3448 986 3498 gegingen
1007 3448 1040 3485 zu
1060 3437 1125 3497 sein,
1145 3437 1267 3487 eundern
1286 3437 1369 3487 nach.

110 3506 172 3554 dcm
187 3517 217 3552 er
234 3504 260 3550 in
278 3501 327 3550 der
345 3513 379 3548 an
397 3497 480 3548 Kabul
499 3499 667 3560 grenzendeu
686 3499 775 3550 Ebcne
796 3514 849 3551 von
868 3503 998 3567 Beghrum
1017 3503 1262 3568 Winterquartlere
1279 3506 1364 3569 gebal·

110 3577 155 3621 ten
175 3571 231 3619 und
249 3570 293 3618 die
309 3568 386 3616 Studt
405 3566 563 3616 Alexandria
582 3568 730 3631 gegruudet
748 3568 828 3630 hatte,
852 3570 920 3620 uird
939 3584 969 3620 or
989 3571 1059 3620 wohl
1078 3573 1157 3622 einen
1185 3572 1236 3623 der
1255 3574 1369 3624 anderen

110 3639 177 3689 iiber
195 3639 242 3687 das
260 3635 371 3697 Gebirge
392 3633 538 3684 lubrendeu
557 3635 611 3684 und
636 3635 704 3684 nach
727 3635 833 3698 Penjhir
854 3638 1025 3689 mundeuden
1042 3639 1129 3701 Passa,
1157 3639 1292 3691 viellelcht
1322 3641 1368 3691 den

109 3721 162 3757 von
183 3705 254 3766 7001,
282 3702 482 3766 eingeschlugen
504 3701 598 3752 haben.
620 3729 649 3739 -
678 3703 826 3752 accedit.
858 3708 883 3755 s.
904 3701 929 3767 S,
945 3703 988 3768 30,
1009 3702 1038 3755 3:
1061 3721 1126 3771 quac
1151 3713 1271 3757 austrum
1298 3708 1369 3758 aad·

106 3775 192 3843 piuut,
209 3773 237 3822 iu
253 3770 332 3820 ullius
355 3777 439 3818 lerruc
458 3769 591 3835 sustipium
608 3769 790 3821 excedunt.
810 3798 839 3808 -
862 3773 1073 3839 antiquitus.
1106 3776 1134 3823 lu
1150 3774 1289 3827 unmicher
1303 3778 1369 3828 Ver-

108 3844 228 3906 bindung
245 3841 307 3890 Plin.
326 3840 354 3890 N.
372 3839 402 3890 H.
429 3834 506 3900 lul,
527 3836 570 3888 19:
596 3837 798 3904 antiquitus
823 3838 1025 3907 nibilpriua
1049 3840 1175 3891 miratu
1202 3850 1269 3903 eat,
1298 3858 1369 3911 quan

107 3909 274 3979 Hesperidum
292 3907 380 3956 tortos
400 3921 537 3972 cerepum
557 3903 655 3955 Adonis
674 3913 698 3955 ct
714 3904 828 3966 Alcinoi,
848 3907 956 3974 itemque
973 3907 1088 3974 pensiles,
1109 3908 1162 3959 siue
1176 3906 1238 3959 illua
1254 3910 1369 3961 Semiru-

107 3981 154 4030 ml⁸
172 3979 225 4028 'ive
239 3975 364 4041 ’43311111
380 3990 428 4022 m
450 3972 531 4038 clm
548 3974 617 4038 sedi·
639 4001 667 4011 ··
688 3972 714 4036 7>
730 3971 769 4036 14,
789 3972 831 4025 23·
864 3974 1054 4027 Saniorum.
1090 3976 1213 4029 nudarer
1232 3994 1369 4031 amaneu.

108 4078 139 4085 -
160 4049 194 4097 iu
212 4061 331 4096 uocum
348 4040 464 4092 urbem
484 4042 676 4091 considere.
713 4043 738 4092 S.
759 4056 792 4092 zu
813 4038 840 4104 3,
860 4041 881 4106 1,
901 4040 924 4094 1,

174 4137 255 4201 7,15,
274 4135 297 4187 ¹2.
335 4135 355 4185 S
382 4150 511 4196 eruere,
530 4136 677 4197 pregnant:
694 4134 903 4198 geringschatzig
922 4136 1036 4186 reden.
1056 4162 1083 4172 -
1107 4135 1290 4204 incipiunt
1310 4140 1370 4191 fehlt

106 4208 150 4259 bei
169 4209 195 4257 F.
214 4235 245 4242 —
265 4204 290 4265 7,
303 4153 377 4266 tul.
399 4202 545 4251 Orditur
562 4198 628 4252 lehlt
646 4200 690 4250 bei
711 4202 737 4251 l'.
752 4229 780 4238 -
805 4198 915 4262 7,15,4.
935 4201 1089 4253 Naturae
1107 4203 1187 4257 aila.
1206 4203 1268 4267 S.6,
1280 4206 1320 4270 12,
1332 4205 1369 4258 15.

107 4305 139 4312 -
160 4274 186 4334 7,
205 4273 244 4336 15,
266 4272 291 4323 5.
312 4270 412 4322 Velut
433 4285 565 4348 murum.
590 4271 614 4317 S.
632 4264 716 4348 4,.91,
734 4265 758 4319 4.
776 4267 799 4331 7,
819 4267 862 4330 91,
881 4268 920 4321 13.
943 4297 984 4350 '..
994 4270 1020 4331 7,
1042 4267 1126 4350 116.
1147 4270 1368 4355 Chorasmios:

105 4335 1370 4524 inspexerintinsinuantestaut,1,”cut

105 4493 262 4527 anemurum.

173 4565 257 4629 7,16‚
277 4564 302 4616 8.
339 4563 498 4614 Gobares.
539 4565 655 4614 indere:
679 4562 815 4613 Cbuburea.
849 4568 875 4616 S.
896 4563 923 4626 5,
950 4564 991 4627 20,
1018 4565 1057 4618 10.
1085 4594 1118 4607 -
1145 4566 1296 4635 alioqui.
1327 4570 1368 4621 F.:

106 4634 230 4701 alioquin.
246 4631 342 4695 S.zni,
350 4631 374 4693 7,
383 4630 408 4681 5.
420 4659 450 4668 —
463 4630 487 4694 7,
504 4628 545 4692 16,
558 4628 582 4682 9.
595 4631 698 4681 Scire.
717 4632 780 4683 Suu
789 4630 815 4694 3,
823 4631 844 4699 1,
852 4632 875 4685 7.
889 4661 920 4671 -
932 4632 1067 4685 atilius
1078 4650 1158 4687 arae.
1173 4636 1328 4693 breulius.
1339 4664 1365 4677 -
