2820 4964
262 226 305 294 X.
327 225 383 288 ΧΙ.
405 225 455 288 30.
480 206 930 291 1-a.xl1.6-,·14.x11i.
956 162 1056 284 1323.
1228 218 1293 283 aab

28 402 202 463 amicorum
215 396 391 478 auetorfui
407 414 446 475 ea
457 394 587 473 captabis
600 392 776 472 generandi
794 389 920 453 ls'beros:
937 399 976 451 ut
991 391 1048 451 boe
1064 408 1153 450 sacro
1161 387 1293 469 foedere

28 518 120 559 omne
151 497 315 559 discrimen
339 494 416 554 uicti
440 500 472 552 ct
499 493 624 552 aectoris
651 487 850 549 excluderem.
897 481 1063 547 ¹³Proinde
1088 487 1208 564 genitos
1235 505 1294 544 esse

27 615 83 656 uos
107 594 200 669 mibi,
221 611 284 652 non
303 591 412 651 ascitos
431 590 544 649 milites
569 586 689 648 credite.
732 586 824 645 Assae
848 593 880 668 et
908 586 1052 662 Europae
1079 603 1179 643 namn
1203 589 1294 660 atque

27 692 113 752 idem
133 708 262 770 regnum
282 694 332 748 est.
376 687 583 747 Macedonum
605 681 687 745 nobes
707 702 798 741 arma
817 681 864 741 do.
906 681 1081 742 Inoeteraur'
1095 680 1294 759 peregrinam

26 790 215 861 nouitatem,
239 792 270 844 et
289 785 366 844 cibes
384 784 446 842 mei
465 785 534 843 estis
556 789 587 842 et
604 781 725 841 milites.
763 771 789 816 ¹⁴
797 779 911 842 Omnia
930 779 1060 839 eundem
1081 777 1200 838 ducunt
1217 775 1296 836 colo-

22 905 97 944 rem
107 909 118 945 :
137 902 193 942 nec
210 882 311 942 Persis
325 879 535 940 Macedonum
553 896 668 936 morem
689 873 886 949 adumbrare,
906 895 963 934 nec
981 871 1202 935 Macedonibus
1219 874 1295 934 Per-

21 1002 82 1042 sas
101 980 230 1053 imitari,
253 978 448 1053 indecorum.¹
471 975 617 1041 Eiusdem
639 973 718 1035 iuris
735 984 795 1048 es‘pe
816 967 928 1046 debent,
951 972 1006 1050 qui
1028 969 1082 1030 sub
1104 970 1205 1032 codem
1225 990 1296 1050 rege

17 1079 149 1138 victuri
166 1072 326 1135 sunt***
349 1063 353 1071 ⁴

12 1184 20 1190 “
116 1173 199 1235 XIII.
243 1166 468 1248 medumque,
490 1168 594 1249 inquit,
617 1169 722 1229 animo
746 1175 799 1228 tuo
819 1169 913 1229 etiam
929 1187 989 1247 per
1010 1168 1162 1247 supplicia
1179 1174 1211 1226 et
1230 1167 1296 1245 qui·

19 1271 100 1332 aem
123 1269 244 1329 eclani
266 1268 361 1325 moris
380 1263 568 1344 obsequeris?
609 1268 731 1327 Milites
754 1265 810 1339 tui,
831 1267 910 1325 ciues
931 1268 987 1341 tui,
1009 1266 1170 1343 incognita
1192 1283 1296 1339 causa,

16 1368 162 1446 captiuis
183 1366 247 1424 suls
268 1359 460 1439 ducentibus,
482 1363 655 1423 trabuntur
674 1362 718 1423 ad
737 1367 890 1438 poenam!
931 1363 969 1422 Si
995 1368 1124 1420 mortem
1153 1361 1298 1420 meruisse

13 1462 161 1535 iudicas,
183 1461 289 1520 saltem
301 1460 458 1517 ministros
468 1460 615 1537 supplicii
630 1465 727 1519 mula.
771 1450 898 1518 2Αιῐιίοο
918 1457 1027 1530 animo,
1049 1454 1075 1515 si
1094 1455 1159 1515 veri
1180 1456 1296 1534 patiens

15 1559 148 1631 fuisset,
172 1555 396 1630 admonebatur,
417 1554 471 1614 sed
493 1554 522 1613 in
545 1556 657 1616 rabiem
679 1556 723 1614 ira
748 1562 934 1632 pervenerat.
962 1555 1066 1632 ltaque
1086 1571 1192 1612 rursus
1214 1554 1297 1630 (nam

14 1673 205 1735 parumper,
229 1652 337 1732 quibus
360 1650 537 1729 imperatum
559 1659 631 1729 erat,
655 1651 875 1728 dubitaverant)
894 1649 988 1728 mergi
1012 1649 1042 1708 iu
1064 1668 1197 1724 amnem,
1219 1647 1297 1709 siout

13 1749 125 1811 vincti
147 1755 245 1823 erant,
279 1747 373 1808 iussit.
417 1742 505 1807 ³Neo
527 1750 584 1809 hoo
608 1748 729 1829 quidem
758 1747 939 1825 supplicium
969 1744 1146 1806 seditionem
1170 1744 1298 1805 militum

13 1848 136 1908 movit.
186 1847 324 1925 Namque
351 1843 508 1921 copiarum
537 1845 630 1905 duces
657 1851 747 1925 atque
773 1842 887 1904 amicos
917 1841 981 1903 eius
1013 1839 1157 1919 manipuli
1187 1841 1298 1901 adeunt

16 1949 179 2023 petentes,
202 1949 244 2016 ut,
265 1941 291 2002 si
313 1960 389 2021 quos
412 1941 510 2001 adhuc
524 1942 649 2019 pristina
670 1960 751 2000 noxa
771 1940 917 2002 iudicaret
938 1958 1005 2000 esse
1025 1943 1191 2014 contactos
1215 1937 1297 1997 iube-

15 2046 77 2100 ret
98 2038 232 2113 interfici,
252 2038 359 2097 offerre
380 2057 413 2098 se
439 2057 571 2118 corpora
592 2037 662 2113 irae,
685 2038 850 2099 trucidaret
869 2034 952 2077 *³³*

19 2248 117 2299 licher
137 2241 298 2289 matrimonio
316 2258 399 2291 secum
426 2243 576 2307 coniunqere
598 2242 624 2303 6,
646 2241 687 2304 36,
708 2243 748 2295 30.
768 2270 799 2278 -
831 2239 994 2303 10‚12,12.
1027 2238 1224 2294 Amicorum.
1254 2242 1298 2292 Ale

10 2304 127 2365 ''solche
148 2312 230 2358 neunt
245 2311 301 2356 Arc.
323 2307 348 2367 7,
368 2307 459 2367 1,5.6
479 2311 531 2359 den
550 2311 721 2373 Hephn'stiou,
743 2313 877 2370 Craterus,
894 2310 1045 2367 Perdiccas,
1064 2310 1223 2371 Ptolemiius,
1240 2311 1298 2360 Eu-

24 2391 137 2437 menes
156 2376 290 2425 Nearchus
312 2377 366 2424 und
384 2377 525 2435 Seleukus3
547 2379 703 2428 ausserdem
725 2378 881 2428 bezeichnet
901 2388 931 2425 er
947 2377 1017 2425 noch
1036 2372 1073 2424 80
1086 2377 1204 2427 ahnliche
1221 2378 1298 2427 Falto.

10 2447 120 2498 -Dabei
136 2445 195 2494 sind
215 2444 347 2491 natbrlioh
367 2458 418 2492 nur
436 2444 583 2505 dieJenigen
604 2447 761 2508 mitgeza'hlt,
785 2445 828 2494 bei
848 2444 933 2493 denen
955 2445 997 2493 die
1015 2443 1229 2494 bedeutendstcu
1248 2444 1299 2492 Ot-

27 2516 125 2564 ficiere
142 2512 302 2560 Aiexanders
321 2510 456 2574 betheiligt
480 2525 578 2560 waren.
596 2539 624 2547 -
658 2511 883 2562 recluderem.
915 2513 940 2560 S.
959 2513 1012 2560 Liv.
1029 2509 1052 2569 5,
1070 2507 1112 2571 28,
1131 2508 1178 2559 1οε
1207 2509 1298 2570 trustes,

10 2564 187 2632 inocsarnam
203 2580 313 2642 [upum
334 2595 366 2626 en
386 2576 480 2627 tumulo
498 2577 670 2628 Romanorum
689 2587 718 2628 ut
736 2578 768 2628 ab
788 2594 818 2627 ea
837 2578 888 2641 aia,
917 2593 983 2643 quae
1001 2576 1102 2640 ferebat
1124 2575 1298 2643 Venusiam,

10 2647 278 2704 {excluderent,
299 2646 371 2708 suere
387 2645 460 2696 obrii.

13 2762 23 2800 1
107 2735 207 2797 10,17,
227 2736 265 2786 tr.
302 2737 439 2787 bucano
458 2735 615 2786 colorem.
647 2739 696 2788 Die
713 2738 850 2800 Metapher
868 2740 966 2789 erklart
983 2736 1040 2787 sich
1055 2751 1104 2786 aus
1121 2737 1191 2800 Virg.
1210 2738 1297 2801 Eolog.

10 2804 119 2869 ..9,18,
138 2803 184 2854 19ῑ
211 2812 318 2865 astrum,
347 2822 395 2869 quo
413 2813 507 2870 seqetes
523 2804 664 2870 qauderent
680 2803 802 2870 srssqibus,
831 2805 1088 2871 etquolluceret
1110 2804 1243 2869 apricis
1265 2805 1300 2853 iss

10 2856 188 2925 'collibus
207 2889 266 2921 aaa
288 2871 450 2932 colorem,
471 2874 537 2922 oder
556 2887 604 2922 aus
626 2873 701 2921 ovio.
721 2875 782 2923 Met.
802 2870 825 2930 3,
846 2869 896 2922 482
916 2874 955 2923 n:
974 2878 1083 2938 pectora
1104 2879 1241 2920 traxerunt
1256 2872 1299 2920 'te-

10 2958 109 2996 uauem
128 2956 249 3006 percussa
267 2939 400 3000 ruborem,·
419 2939 478 2988 Non
496 2937 580 3001 aliter,
600 2954 675 3003 quam
690 2955 768 3006 poma
784 2938 880 3001 solent,·
900 2956 965 3005 quae
986 2938 1098 2988 candida
1110 2947 1195 3004 parte,
1219 2938 1300 2989 Parte

10 3009 141 3096 brabant:
170 3015 215 3055 aut
234 3008 389 3056 uinariis
407 3006 579 3056 solatura
600 3006 891 3056 racemisDucere
912 3022 1129 3073 purpureum,
1158 3006 1300 3056 nondum

35 3084 170 3127 matura
198 3073 347 3124 colorem.
369 3102 397 3110 -
427 3074 557 3124 victuri
585 3081 664 3123 sunt.
700 3075 819 3125 Freinsh.
839 3076 951 3126 hataus
973 3076 1046 3124 einer
1070 3075 1139 3123 alten
1157 3077 1236 3139 Ausg.
1258 3076 1296 3126 als

10 3148 60 3210 rs.
79 3143 109 3193 15
136 3144 256 3205 ioigende
277 3144 431 3207 Erg'a'nrung
450 3143 586 3206 gegeben:
615 3140 674 3190 Hac
693 3142 810 3190 oratione
828 3140 924 3204 tabita,
946 3141 1030 3190 Persis
1049 3142 1165 3208 corporis
1189 3142 1230 3190 sui
1249 3158 1298 3192 cu-

10 3204 146 3261 ‘stodiam
164 3210 280 3269 credidit,
300 3209 391 3259 Persas
411 3210 546 3270 satellites,
573 3209 666 3258 Persas
687 3209 849 3276 apparitores
866 3211 936 3273 fecit.
973 3209 1022 3258 Per
1039 3225 1101 3274 quos
1120 3224 1196 3274 quum
1209 3209 1300 3260 Mace-

36 3280 124 3338 dones,
146 3279 188 3342 qui
207 3278 265 3326 baie
282 3278 400 3327 seditioni
419 3279 578 3328 occasionem
590 3277 721 3340 dedissent,
742 3277 823 3326 cincti
840 3277 875 3326 ad
892 3276 1020 3344 supplicia
1036 3277 1206 3341 traherentur,
1223 3294 1300 3330 unum

10 3353 69 3399 tea
86 3347 125 3408 iis,
148 3346 305 3394 auctoritate
324 3353 348 3394 et
366 3353 451 3394 aetate
467 3362 580 3412 qraaens,
597 3345 632 3394 ad
647 3362 730 3410 reqem
747 3346 787 3394 ita
807 3344 937 3410 loquutum
953 3347 1054 3409 suunt:

107 3434 148 3495 10,
172 3435 209 3497 13,
231 3434 253 3483 2.
291 3436 330 3485 tn
350 3452 479 3486 amnem.
518 3437 589 3485 Naoh
609 3438 664 3485 Arc.
681 3435 709 3495 7,
726 3434 744 3485 8
762 3436 804 3486 fiel
826 3437 914 3487 dieses
930 3437 1062 3500 Ereigniss
1080 3438 1105 3486 in
1124 3437 1173 3488 der
1189 3449 1233 3487 am
1251 3439 1299 3486 Ti-

33 3508 90 3570 gris
111 3506 253 3567 gelegenen
274 3506 351 3553 stadt
370 3498 466 3559 Ὦπις
486 3518 542 3552 vor.
565 3531 593 3539 -
624 3501 664 3563 10,
684 3502 724 3566 13,
745 3501 768 3553 3,
787 3503 815 3553 N
819 3520 890 3556 aaa
911 3507 937 3553 S.
955 3519 988 3553 zu
1008 3503 1031 3567 7,
1049 3502 1073 3566 9,
1093 3502 1134 3554 29.
1170 3505 1231 3563 Und,
1246 3506 1297 3557 Liv.

10 3571 61 3634 ,4,
81 3571 105 3634 ,9,
125 3571 169 3621 1οῑ
199 3570 268 3619 uelut
290 3578 454 3620 contacta
470 3572 575 3620 civitate
592 3570 665 3620 rabie
683 3571 790 3620 duorum
814 3572 938 3620 maenum.
961 3599 989 3608 -
1021 3572 1221 3621 trucidaret.
1247 3573 1300 3623 *Die

34 3641 99 3693 sehr
122 3640 292 3689 bedenteude
320 3640 407 3689 Lt'rcke
431 3641 477 3689 hat
498 3640 659 3688 freinsheim
688 3640 737 3688 aut
758 3640 879 3702 taigende
899 3641 989 3689 Weise
1010 3641 1164 3703 nusgeiullt:
1190 3636 1300 3690 Tandim

33 3712 103 3770 (Ars.
122 3705 146 3766 7,
168 3706 206 3766 11,
227 3703 250 3753 4.
271 3708 345 3756 Diod.
362 3704 402 3766 17,
422 3706 477 3756 109.
495 3709 557 3756 lust.
581 3704 678 3767 1213,
698 3703 721 3756 6.
742 3708 808 3756 Ptnt.
828 3708 898 3758 Alex.
917 3705 959 3769 71)
976 3723 1043 3775 prae
1061 3705 1150 3757 dabre
1164 3707 1210 3756 aie
1225 3723 1298 3756 men·

34 3776 70 3824 tis
91 3781 216 3839 compotes
235 3774 348 3822 uniuersi
367 3781 524 3822 concurrunt
550 3773 585 3822 ad
609 3775 716 3838 reqiom,
742 3775 870 3839 armisque
896 3781 956 3823 ante
973 3775 1043 3838 sores
1070 3775 1200 3841 proiectis,
1228 3776 1299 3823 tuni-

33 3842 91 3893 cati
107 3849 230 3900 astantes,
255 3841 325 3890 nuda
342 3848 367 3890 et
384 3840 495 3891 obnoeia
508 3841 599 3906 poenis
617 3857 728 3906 corpora
747 3841 850 3890 admitti
868 3841 956 3905 flentes
973 3841 1090 3892 orabant.
1131 3842 1190 3891 Nan
1209 3858 1236 3890 se
1252 3842 1299 3890 de·

29 3910 146 3978 pecori,
176 3910 237 3974 quin
258 3908 391 3976 suppliciis
418 3910 529 3958 sontium
551 3909 724 3973 expiarentur,
755 3925 820 3974 quae
844 3925 892 3975 per
919 3911 1105 3959 contumaciam
1127 3908 1299 3974 deliquissent.

32 3977 113 4042 lupis
132 3977 293 4025 iracundiam
310 3976 359 4024 sibi
376 3984 457 4024 morte
476 3977 614 4024 tristiorem
630 3993 688 4026 esse.
730 3975 860 4042 (tuumque
883 3977 935 4026 dies
960 3985 1094 4045 noctesque
1120 3984 1180 4025 ante
1201 3977 1301 4042 reqiam

28 4045 204 4114 persistentes,
230 4043 370 4093 miserabili
395 4043 509 4093 claruere
528 4043 665 4109 habituque
681 4045 865 4110 poenitentiam
882 4061 955 4095 suam
983 4043 1174 4111 approbarcst5
1199 4042 1301 4094 biduum

34 4121 123 4162 tamen
140 4112 260 4160 adversus
287 4111 442 4160 humillimas
466 4128 570 4160 suorum
592 4128 682 4178 preces
700 4111 838 4161 iracundia
855 4113 923 4178 repis
943 4112 1053 4162 maurit.
1090 4111 1174 4169 Tertio
1192 4111 1236 4161 die
1257 4111 1300 4162 ai·

32 4188 92 4230 etus
111 4181 257 4228 constantia
280 4179 422 4245 supplicum
443 4180 576 4246 processit,
600 4180 769 4245 incusataque
795 4178 885 4228 leniter
912 4181 1038 4230 exercitus
1058 4179 1223 4240 immodestia,
1236 4196 1300 4229 -noss

30 4249 89 4298 sine
108 4246 193 4296 multis
209 4248 329 4312 utrinque
348 4245 471 4308 mammis,
497 4248 525 4296 in
544 4247 657 4312 qratiam
676 4263 704 4296 se
722 4263 779 4296 cum
796 4248 859 4314 ipsis
879 4247 965 4296 redire
979 4248 1111 4314 professus
1129 4240 1175 4297 'est
1213 4245 1300 4314 Diqna

33 4325 122 4365 tamen
143 4331 184 4363 res
203 4316 259 4363 aisa
279 4322 322 4376 est,
344 4331 409 4380 quae
431 4315 569 4364 maioribus
594 4314 682 4364 bestiis
703 4315 861 4381 expiaretur.
899 4314 992 4381 ltaque
1012 4315 1143 4380 sacrificio
1164 4317 1300 4381 maqnifics

28 4389 190 4452 perpetrata,
217 4382 383 4432 Macedamrm
400 4382 477 4432 simul
492 4382 677 4449 Persarumque
691 4384 818 4450 primores
837 4385 903 4442 (ΑΠ’.
923 4383 948 4445 7,
966 4381 1005 4444 11,
1025 4380 1049 4432 8.
1067 4381 1092 4447 9)
1117 4383 1239 4432 inuitauit
1262 4383 1299 4432 ad

30 4449 132 4518 epulas.
166 4450 262 4500 Nouem
281 4450 353 4500 milia
381 4467 408 4499 eo
429 4451 543 4500 convicio
564 4452 701 4517 accepisse,
724 4451 855 4518 proditum
873 4457 910 4499 est
929 4451 1074 4511 maneriae,
1100 4447 1296 4518 eosque'asssnes

29 4518 160 4569 incitante
176 4535 235 4584 repe
254 4535 286 4567 ee
302 4518 387 4568 eadem
404 4527 505 4568 cratere
523 4517 647 4582 libariae,
667 4520 769 4585 qraecis
790 4517 958 4584 barbarisque
973 4518 1074 4568 uatibus
1091 4525 1144 4568 sua
1159 4517 1216 4568 alia
1232 4520 1297 4582 tau-

29 4593 76 4637 sta
92 4592 155 4636 uota
168 4585 357 4653 praematibus,
382 4594 433 4636 tum
451 4587 568 4652 inprimis
587 4594 617 4637 ut
639 4603 671 4637 ea
689 4587 821 4654 utriusqus
837 4586 939 4654 imperii
953 4587 984 4636 iss
998 4586 1065 4636 idme
1084 4601 1178 4653 cerpus
1197 4585 1296 4647 coalita

28 4654 143 4704 socium
160 4661 286 4720 perpetrm
302 4655 380 4718 [aret.
412 4653 549 4707 tamese
565 4654 655 4706 deinde
675 4661 716 4705 est
737 4654 833 4715 mimia,
859 4650 1091 4720 etimfismissimssr
1118 4654 1224 4721 quisque
1247 4669 1296 4703 ee-
