2820 4964
108 180 171 244 ssa
580 184 620 265 p.
644 180 784 247 cornu
807 182 905 249 num

110 372 180 417 crus
201 355 336 418 saucium
356 354 509 435 penderet,
535 360 565 416 et
586 372 697 417 eruore
722 354 838 419 siccato
867 355 1033 436 frigescens
1058 352 1171 419 vulnus
1196 366 1368 437 aggravaret

110 453 256 530 dolorem,
278 454 388 515 dixisse
410 454 512 528 fertur,
545 473 578 514 se
599 452 719 533 quidem
738 453 818 515 lovis
843 453 937 513 lilium
959 452 1025 528 dici,
1055 453 1110 514 sad
1130 454 1273 533 corporis
1292 456 1368 536 aegri

109 549 180 612 vitia
199 551 317 612 sentire.
356 544 465 611 ³⁰Ncn
485 555 584 610 tamen
607 555 675 609 anta
695 566 728 609 se
750 548 867 628 recepit
887 549 918 609 in
937 556 1044 625 eastra
1063 568 1152 630 quam
1175 558 1288 613 cuneta
1305 573 1368 632 per-

109 649 215 726 spexit,
238 652 276 723 et,
304 666 381 727 quae
402 645 468 707 fieri
489 645 589 723 vellet,
611 643 714 707 edixit.

190 743 370 807 xxxvfll
403 744 494 822 Ergo,
513 742 592 804 sicut
613 741 791 820 imperatum
810 748 882 819 erat,
906 743 958 804 alii
980 748 1064 806 extra
1080 743 1187 805 urbem
1207 750 1291 807 tecta
1309 766 1366 809 mc

108 841 264 916 liebantur,
296 840 506 920 ingentemque
528 839 589 899 vim
610 837 750 899 materiae
777 838 918 901 iaciendo
944 840 1048 921 aggeri
1077 840 1293 904 detrahebant:
1321 844 1366 905 alii

107 956 281 1016 magnarum
302 936 445 997 arborum
466 934 582 1014 stipites
592 932 796 1015 ‘truncosque
818 954 855 997 ac
881 937 978 999 moles
1003 956 1144 999 saxorum
1172 938 1204 1000 in
1226 960 1365 1002 cavernas

108 1034 294 1096 deiiciebant
326 1028 478 1112 ³¹lamque
499 1050 591 1112 agger
611 1036 791 1113 aequaverat
810 1052 943 1094 summae
961 1035 1112 1116 fastigium
1131 1042 1250 1098 terrae:
1272 1037 1365 1119 itaque

107 1138 206 1193 turres
225 1129 388 1208 erigebant,
418 1148 496 1209 quae
518 1147 613 1206 opera
631 1127 744 1206 ingenti
768 1128 896 1190 militum
916 1132 1027 1193 ardore
1048 1133 1126 1194 intra
1145 1150 1264 1195 nonum
1294 1135 1364 1196 diem

107 1228 246 1289 absoluta
263 1232 340 1288 sunt.
383 1224 432 1286 Ad
453 1223 631 1313 annvisenda
651 1244 715 1299 rex,
746 1226 880 1287 nondum
908 1226 1041 1290 obducta
1064 1229 1184 1293 vulneri
1218 1230 1365 1307 mantuae,

106 1324 265 1404 prooessit,
296 1322 484 1403 laudatisque
504 1320 655 1396 militibus,
685 1320 837 1383 admoveri
860 1320 1012 1386 machinas
1032 1324 1127 1404 iussit,
1153 1328 1307 1409 equibus
1328 1327 1365 1389 iu

107 1439 181 1501 gens
200 1420 246 1481 vis
265 1419 396 1481 telorum
416 1418 447 1479 in
465 1424 708 1498 propugnatores
729 1418 823 1479 eflusa
844 1426 896 1481 est.
930 1415 1131 1503 ³²Praecipne
1151 1424 1249 1486 rudes
1266 1425 1365 1487 talium

106 1536 233 1596 operum
250 1514 402 1577 terrebant
423 1515 550 1576 mobiles
570 1521 679 1591 turres,
705 1520 861 1597 tantasque
878 1516 976 1579 moles
995 1518 1079 1580 nulla
1108 1538 1178 1600 ope,
1206 1540 1288 1603 quae
1309 1538 1365 1584 oer-

105 1618 237 1688 neretur,
264 1613 413 1689 advectas,
445 1612 570 1673 deorum
593 1611 714 1672 numine
735 1612 784 1691 agi
806 1613 983 1675 eredebant:
1012 1613 1075 1692 pila
1102 1636 1228 1698 qnoque
1247 1618 1365 1681 muralia

107 1716 137 1770 et
158 1728 299 1770 excussas
321 1708 477 1769 tormentis
497 1723 679 1786 praegraves
697 1709 797 1769 hastas
825 1710 973 1788 negabant
993 1712 1156 1774 convenire
1180 1716 1364 1779 mortalibus.

105 1801 242 1885 ³³ltaque
261 1805 419 1884 desperata
438 1802 523 1865 urbis
549 1803 643 1865 tutela
665 1820 846 1865 concessere
869 1802 900 1864 in
934 1824 1042 1871 arcem.
1084 1808 1167 1887 Inde,
1197 1812 1274 1892 quia
1298 1812 1364 1874 nilnl

105 1901 239 1966 obsessis
260 1909 382 1981 praeter
400 1900 582 1961 deditionem
605 1898 753 1977 placebat,
777 1899 868 1978 legati
892 1901 931 1961 ad
952 1922 1054 1982 regem
1075 1905 1303 1971 descenderunt
1320 1928 1364 1970 ve-

105 2000 183 2061 niam
205 1997 335 2077 petituri.
378 1990 483 2073 ³⁴Qua
504 1995 669 2073 impetrata,
696 1995 799 2074 regina
823 1996 906 2057 venit
926 2018 996 2059 cnm
1021 2018 1130 2079 magno
1151 2003 1307 2067 nobilium
1327 2007 1363 2066 fe-

104 2097 250 2157 minarum
272 2114 364 2174 grege
383 2093 482 2155 aureis
502 2091 614 2173 pateris
631 2091 701 2152 vina
712 2091 876 2154 libentium.
906 2088 1010 2173 ³⁵lpsa
1030 2096 1158 2175 genibus
1173 2101 1257 2180 regis
1275 2120 1362 2182 parvo

104 2193 169 2254 filio
190 2193 320 2268 admoto,
348 2210 412 2252 non
430 2190 547 2252 veniam
570 2187 672 2263 modo,
685 2188 753 2249 -sed
774 2190 862 2251 etiam
889 2190 1032 2270 pristinae
1056 2194 1197 2256 fortunae
1229 2198 1360 2277 impetra-

105 2289 147 2350 vit
165 2290 268 2350 decus.
313 2286 435 2365 Quippe
456 2285 606 2364 appellata
625 2283 730 2363 regina
747 2292 809 2360 est;
835 2294 865 2348 et
886 2288 1041 2350 credidere
1062 2290 1194 2371 quidam,
1214 2294 1288 2373 plus
1308 2296 1361 2356 ior-

104 2405 179 2462 mae,
204 2404 291 2467 quam
316 2381 499 2445 miserationi
517 2382 625 2443 datum.
662 2375 796 2445 ³⁶Puero
816 2403 937 2466 qnoque
958 2391 1040 2447 certe
1058 2393 1168 2467 postea
1198 2410 1239 2452 ex
1264 2412 1302 2454 ea
1323 2400 1362 2455 ut·
1404 2372 1406 2443 ἶ

105 2503 223 2564 cunque
240 2482 341 2561 genito
363 2479 535 2541 Alexandro
562 2477 619 2540 tuit
640 2496 760 2542 nomen.

187 2579 345 2639 XXXIX.
380 2571 515 2637 ungine
540 2574 733 2654 Polypercon
754 2577 793 2637 ad
814 2577 920 2639 urbem
939 2580 1032 2642 Oram
1052 2600 1122 2643 cum
1143 2584 1284 2647 exercitu
1301 2586 1362 2647 mis

104 2696 165 2754 sus,
186 2676 357 2737 inconditos
379 2673 551 2754 oppidanos
572 2672 690 2749 proelio
707 2672 793 2734 vicit:
821 2673 899 2735 intra
918 2678 1100 2741 munimenta
1120 2682 1302 2761 compulsos
1320 2703 1361 2744 ae-

103 2777 223 2856 quutus,
252 2773 358 2834 urbem
378 2772 409 2831 in
431 2770 580 2831 dicionem
600 2768 724 2847 redegit.
766 2765 882 2832 ²Multa
909 2773 1053 2852 ignobilia
1072 2776 1188 2855 oppida
1208 2778 1363 2841 desertas

103 2871 166 2932 suis
187 2888 296 2930 venere
315 2869 346 2929 in
367 2868 446 2944 regis
467 2870 653 2946 potestatem.
690 2870 826 2946 Quorum
848 2868 966 2930 incolae
984 2876 1088 2934 armati
1109 2878 1228 2952 petram
1250 2876 1362 2939 Aornin

102 2967 223 3030 nomine
243 2971 475 3046 occupaverunt.
519 2964 603 3023 Hanc
632 2963 670 3022 ab
691 2963 822 3042 llereule
843 2965 955 3028 frustra
975 2968 1130 3030 obsessam
1149 2990 1229 3048 esse,
1257 2980 1363 3037 terrae-

104 3085 162 3147 que
187 3071 271 3124 motu
300 3068 437 3122 coactum
465 3060 618 3133 absistere,
648 3059 726 3119 fama
749 3060 930 3138 vulgaverat.
975 3059 1121 3145 ³In0pem
1147 3069 1273 3131 consilii
1299 3071 1363 3133 Ale

102 3161 257 3233 xandrum,
284 3158 353 3237 quia
374 3156 505 3235 undique
530 3173 677 3233 praeceps
699 3161 729 3215 et
753 3155 881 3236 abrupta
898 3178 990 3239 rupes
1013 3167 1084 3238 erat,
1113 3165 1219 3227 senior
1247 3168 1362 3248 quidam

103 3256 219 3336 peritus
240 3254 380 3314 locorum
402 3271 469 3311 oum
494 3250 615 3310 duobus
636 3250 705 3310 filiis
724 3252 796 3326 adit,
825 3253 850 3313 si
876 3256 1006 3332 pretium
1025 3259 1112 3339 operi
1135 3268 1224 3339 esset,
1254 3266 1362 3327 aditum

38 3428 44 3439 ι
103 3376 136 3417 se
158 3356 391 3417 monstraturum
418 3367 483 3407 esse
508 3346 693 3426 promittens.
736 3341 882 3410 ⁴¹LXXX
909 3352 1021 3415 talenta
1043 3356 1198 3418 constituit
1225 3359 1364 3424 datumm

102 3449 291 3520 Alexander3
317 3452 346 3506 et
365 3444 461 3504 altero
484 3463 522 3503 ex
540 3443 696 3505 iuvenibus
720 3445 825 3506 obside
846 3453 972 3525 retento,
999 3451 1096 3531 ipsum
1120 3452 1159 3513 ad
1179 3460 1363 3537 exequenda,

103 3567 179 3630 quae
203 3543 362 3618 obtulerat,
379 3540 497 3607 dimisit.
534 3535 671 3608 ⁵Leviter
693 3542 812 3603 armatis
835 3543 895 3605 dux
919 3546 1005 3608 datus
1026 3554 1073 3608 est
1083 3548 1246 3629 Eumenes,
1268 3555 1365 3616 scriba

102 3730 254 3787 Vieileioht:
274 3735 302 3776 et
320 3729 396 3790 sorte.
419 3753 447 3763 -
479 3724 503 3787 8,
521 3722 561 3789 37,
581 3724 621 3776 30.
649 3724 837 3792 Perspeoeit.
868 3728 910 3779 F.:
935 3730 1078 3797 prospexit.
1115 3732 1195 3783 nicht
1214 3736 1259 3785 ein
1282 3738 1363 3789 ober-

102 3799 254 3853 tliichliohes
272 3797 427 3847 Besohauen
448 3809 496 3844 aus
521 3796 569 3844 der
589 3794 682 3854 Ferne,
710 3796 827 3845 sondern
856 3798 914 3847 eine
940 3812 1043 3862 genaue
1060 3800 1242 3867 Batrachtung
1266 3806 1294 3855 in
1318 3806 1366 3856 der

103 3871 175 3920 Niiho
193 3880 251 3918 war
269 3866 317 3917 der
335 3864 431 3914 zweck
448 3863 495 3913 des
515 3863 663 3913 Feldherrn.

168 3956 193 4017 8,
211 3955 252 4017 38,
269 3954 311 4006 30.
340 3954 370 4005 M
376 3952 577 4003 otiabantur.
607 3954 647 4002 F.:
668 3951 875 4004 demoliebantur.
912 3955 963 4005 rur
981 3954 1152 4007 moliebantur
1170 3962 1277 4023 spriebt
1295 3964 1321 4015 C.
1341 3962 1364 4025 7,

101 4027 145 4088 23,
162 4025 209 4077 33:
226 4024 393 4089 fundamenta
408 4037 538 4071 murorum
555 4020 587 4069 ab
604 4021 654 4074 imo
674 4019 868 4071 moliuntur.
903 4023 989 4089 Vergl.
1005 4040 1038 4077 zu
1057 4022 1084 4087 4,
1101 4022 1143 4087 39,
1159 4024 1184 4081 7.
1205 4056 1238 4066 -
1262 4038 1364 4081 trua-

102 4110 225 4160 caaque
240 4095 308 4143 nach
322 4094 402 4155 Conj,
423 4086 629 4151 wret,1t,10;
650 4088 743 4140 bisber
761 4088 873 4142 cumulis
892 4092 998 4143 undere
1017 4107 1100 4145 verm.
1117 4110 1175 4145 eust
1190 4098 1281 4151 ramis,
1302 4114 1364 4151 wo-

102 4177 186 4229 gagen
203 4158 227 4223 8,
246 4158 288 4224 39,
305 4158 323 4210 8
339 4174 372 4211 zu
387 4161 498 4210 streiten
516 4156 626 4208 scheint.
703 4160 707 4165 '
783 4178 787 4187 ·
826 4178 880 4211 -m

168 4249 195 4312 8,
215 4249 256 4313 38,
277 4249 319 4301 31.
347 4248 544 4315 dirigebant.
565 4249 607 4298 R:
628 4247 797 4314 erigebantur.
811 4276 839 4287 -
861 4250 985 4315 effusa.
1004 4248 1155 4315 s.7,36‚8.
1175 4280 1205 4291 —
1227 4252 1253 4318 8,
1265 4254 1364 4321 38,39,

103 4321 278 4371 Advectos.
313 4316 609 4379 NaohConj.·'bisher
630 4316 763 4367 adductas.
795 4320 819 4368 S.
838 4332 873 4368 211
890 4316 915 4381 4,
932 4319 958 4381 7,
975 4317 999 4369 3.
1027 4346 1055 4357 -·
1085 4317 1112 4381 8,
1127 4318 1171 4382 38,
1188 4318 1229 4373 (ld,
1265 4324 1364 4376 Vnae

102 4390 138 4438 ist
152 4400 206 4437 von
225 4388 251 4438 Z.
267 4389 413 4451 zugesetzb
431 4352 691 4459 daglgenproeesait
710 4385 797 4436 hintar
814 4384 948 4437 liberrima
965 4387 1147 4452 iortgelassen.
1162 4414 1192 4427 -
1214 4388 1239 4453 8,
1258 4390 1303 4455 39,
1320 4392 1363 4447 36.

105 4454 283 4519 [troasque.
319 4455 377 4503 Wie
398 4454 454 4503 sich
472 4454 519 4502 das
536 4452 605 4503 auch
622 4456 782 4517 zugetragen
799 4453 886 4506 haben
905 4469 973 4520 mag.
1005 4457 1030 4507 S.
1048 4453 1075 4518 8,
1094 4454 1134 4519 10,
1152 4453 1194 4508 34.

168 4548 248 4615 8,39,
269 4553 292 4603 1.
330 4544 439 4603 Orant.
464 4552 639 4603 bellarum.
672 4553 717 4603 Bei
737 4555 832 4605 Arriae
855 4552 878 4617 4,
898 4552 940 4618 37,
960 4554 977 4606 7
1001 4550 1148 4628 τὰὭρα.
1167 4584 1198 4597 -·
1228 4556 1257 4621 8,
1278 4559 1321 4625 39,
1338 4560 1362 4612 ⁸1.

103 4614 237 4670 Aornin.
254 4620 293 4670 F.:
311 4618 426 4669 Aornos.
447 4648 475 4658 -
495 4617 519 4681 8,
539 4616 581 4683 39,
598 4617 622 4671 5.
651 4618 813 4673 Eumenes
831 4622 1256 4685 marcomannorum
1281 4630 1363 4683 denar
