2820 4964
447 186 517 254 vn.
537 186 574 252 v.
597 188 945 285 ae-so.vr·1-s.
1156 267 1161 275 ¹
1259 154 1328 251 au

144 356 195 418 Vl.
238 349 367 420 ¹¹2¹Dum
394 356 469 420 haec
490 357 636 438 Amyntas
655 357 724 440 agit,
755 359 834 421 forte
855 363 1101 439 supervenemnt,
1132 356 1184 439 qui
1200 357 1324 418 fratrem

58 452 125 514 eins
146 453 350 530 Polemonem,
382 454 421 517 de
447 475 508 536 quo
535 463 603 517 ante
632 464 679 518 est
707 455 829 532 dictum,
863 455 1026 542 fugientem
1055 454 1233 535 consequuti
1259 452 1324 515 sin-

59 556 142 609 ctum
163 551 355 614 reducebant.
398 553 509 613 Infesta
530 553 639 616 concio
662 553 712 615 vix
734 552 861 614 inhiberi
882 551 991 632 potuit,
1014 549 1086 635 quin
1105 551 1243 629 protinus
1265 569 1323 612 sno

58 664 145 706 more
166 667 238 708 saxa
264 648 294 709 in
325 667 394 710 eum
415 648 535 712 iaceret.
581 643 702 732 ²Atque
728 647 780 708 ssle
806 667 879 709 sane
901 647 1065 722 interritus,
1092 647 1185 724 Mlti,
1216 647 1321 730 inquit,

52 760 117 821 pro
154 763 202 804 me
231 745 392 824 mmmm,
429 747 519 807 modo
553 767 593 807 ne
625 745 770 821 fratrum
805 746 1000 806 mnocentshe
1028 744 1122 825 fuga
1154 747 1325 824 amputetur

56 856 135 900 meu.
187 842 274 902 Haec
299 845 328 902 se'
351 842 480 921 defendi
502 862 566 902 nors
591 850 707 923 potest,
740 861 842 902 meum
878 843 997 902 crimen
1028 842 1077 902 sit.
1127 843 1249 903 Honcm
1287 840 1323 902 ob

57 935 96 994 id
117 936 218 1014 mmm
243 938 352 998 melior
383 946 430 999 est
454 958 567 1014 causa,
598 939 680 1018 quod
701 957 771 1018 ego,
801 940 857 1018 qui
872 936 1024 1018 profugi,
1056 945 1210 1018 suspectus
1245 958 1323 1000 sum.

56 1025 126 1092 ³At
159 1033 233 1092 haec
264 1032 411 1114 eloquuto
446 1035 586 1097 universa
620 1035 728 1098 concio
763 1053 886 1096 assensa
925 1040 985 1096 est:
1029 1033 1172 1096 lacrimae
1214 1033 1324 1097 deinde

57 1127 201 1189 omnibus
221 1147 343 1191 manare
362 1138 536 1210 coeperunt,
562 1133 639 1194 adeo
663 1132 695 1192 in
716 1131 898 1192 contrarium
918 1138 1044 1209 repente
1065 1131 1192 1208 mutatis,
1216 1137 1255 1193 ut
1275 1151 1324 1194 sc

56 1223 124 1286 lum
143 1245 200 1305 pro
226 1245 264 1286 eo
284 1229 372 1305 esset,
405 1228 487 1308 quod
508 1228 636 1291 maxime
657 1229 795 1290 laeserat
839 1219 979 1289 ⁴¹luvenis
1006 1233 1072 1288 eret
1095 1228 1193 1308 primo
1219 1229 1323 1290 aetatis
1383 1287 1391 1305 ,

56 1321 136 1383 flore
152 1322 334 1401 pubescens,
358 1343 447 1404 quem
468 1324 546 1386 inter
568 1325 684 1405 equites
705 1323 862 1386 tormentis
882 1323 1017 1385 Philotae
1039 1325 1235 1387 conturbatos
1253 1325 1325 1388 elie-

56 1437 117 1480 nus
136 1424 237 1480 terror
258 1419 436 1481 abstulerat:
467 1420 618 1481 desertum
645 1440 753 1482 enma
780 1419 940 1481 comitibus
969 1425 1000 1479 et
1021 1420 1214 1482 haesitantem
1245 1421 1323 1482 inter

57 1516 230 1576 revertendi
253 1516 448 1596 fugiendique
468 1516 635 1592 consilium,
665 1517 715 1597 qui
737 1516 857 1597 sequuti
877 1521 971 1591 erant,
995 1522 1229 1595 occupaverunt.
1273 1513 1324 1579 ⁵1³

57 1617 123 1672 tum
150 1613 222 1673 flere
247 1613 349 1692 coepit
377 1619 408 1673 et
432 1631 580 1675 ossuum
607 1613 835 1688 converberare,
864 1617 996 1673 maestus
1024 1631 1086 1672 non
1106 1632 1191 1674 suam
1217 1615 1324 1693 vicem,

58 1708 115 1791 sed
136 1717 262 1788 propter
282 1709 381 1789 ipsum
400 1707 631 1788 periclitantium
651 1711 785 1770 fratrum.
830 1703 1047 1790 ⁶Moveralque
1062 1708 1119 1768 iam
1132 1728 1235 1790 regem
1250 1720 1324 1794 qno·

59 1823 128 1884 qne,
152 1825 214 1866 non
236 1807 415 1868 concionem
436 1806 543 1879 modo;
573 1807 628 1868 sed
651 1825 729 1868 unns
749 1810 814 1868 erat
840 1805 1039 1886 implacabilis
1064 1806 1166 1882 irater,
1194 1807 1246 1888 qni
1265 1816 1324 1871 ter-

58 1901 138 1960 ribili
159 1903 243 1964 vultu
264 1904 381 1965 intuens
404 1923 483 1976 eum,
507 1904 598 1979 Tum,
627 1903 676 1978 ait,
703 1903 832 1980 demens,
860 1904 1027 1964 lacrimare
1047 1901 1202 1980 debueras,
1228 1925 1324 1984 quum

56 2017 133 2075 eque
154 2001 292 2060 calcaria
308 2000 455 2076 subderes,
477 1998 630 2079 fratrum
650 2000 783 2060 desertor
804 2006 836 2060 et
856 2000 1042 2061 desertorum
1068 2019 1172 2063 comes.
1211 2004 1323 2077 Miser,

57 2114 119 2172 quo
137 2103 167 2155 et
188 2096 271 2155 unde
279 2095 454 2175 fugiebas?
486 2095 636 2173 Effem'ste',
657 2103 696 2155 ut
713 2117 784 2157 reus
803 2097 914 2176 capitis
932 2099 1119 2157 damnatoris
1135 2106 1240 2160 uterer
1255 2120 1323 2161 ner-

56 2189 111 2251 bt's.
157 2188 232 2249 ⁷llle
255 2209 397 2266 peccasse
417 2210 459 2265 se,
479 2191 533 2251 sed
554 2191 674 2268 gravius
696 2191 726 2251 in
746 2192 862 2268 iratres,
886 2211 974 2272 quam
996 2193 1027 2253 in
1048 2193 1251 2274 semetipsum,
1280 2197 1326 2258 iu

55 2287 186 2346 tebatur.
228 2287 305 2344 Tum
326 2304 519 2364 verensque
546 2285 678 2346 lacrimis
706 2305 805 2368 neque
829 2287 1104 2365 acclamationibus
1133 2291 1241 2371 quibus
1262 2299 1324 2355 stu-

17 2462 20 2467 ,
57 2382 110 2443 dia
131 2401 185 2442 sua
206 2380 365 2441 multitudo
386 2381 554 2460 profitetur,
582 2389 832 2461 temperaverunt.
874 2385 938 2444 Una
957 2404 1018 2446 vox
1047 2393 1111 2447 erat
1132 2387 1198 2464 pari
1216 2389 1324 2449 emissa

10 2478 18 2505 ¹'
58 2497 220 2554 consensu,
250 2483 284 2538 ut
307 2464 475 2538 insontibus
496 2483 526 2536 et
547 2478 675 2539 fortibus
695 2477 768 2538 viris
787 2485 934 2556 parceret.
976 2479 1075 2542 Amici
1095 2501 1225 2562 quoque,
1254 2483 1324 2545 dats

58 2574 284 2647 misericordiae
305 2574 476 2651 occasione,
499 2577 693 2652 consurgunt,
711 2573 876 2655 flentesque
887 2594 987 2655 regem
1009 2576 1215 2655 deprecantur.
1246 2576 1323 2642 ⁸ffle

58 2671 179 2733 silentio
203 2673 293 2747 facto,
318 2674 362 2732 lst
380 2672 451 2750 epse,
475 2669 579 2750 inquit,
602 2669 771 2749 Amyntam
796 2689 864 2732 mea
885 2674 1038 2732 sententia
1054 2674 1241 2754 fratresque
1257 2679 1324 2739 esus

59 2766 186 2830 absoluo.
236 2769 291 2830 Vos
313 2775 426 2842 autem,
453 2768 584 2844 iuuenes,
605 2766 689 2827 malo
709 2763 850 2845 besuflcs's'
868 2770 931 2828 mei
954 2767 1096 2845 obleuiscs',
1123 2789 1216 2850 quum
1235 2776 1324 2850 peri-

59 2864 127 2924 culi
143 2866 239 2924 uestri
255 2865 433 2924 meminisse.
476 2862 592 2924 Eadem
602 2863 672 2944 fide
690 2862 786 2923 redite
807 2865 844 2924 iu
861 2865 1002 2943 mutum
1022 2884 1150 2941 messem,
1177 2856 1240 2946 pua
1260 2871 1324 2949 ipse

58 2958 210 3020 celisanum
230 2967 374 3022 revertor.
430 2953 523 3020 ⁹h⁷ui
540 2978 618 3037 quus
639 2958 743 3020 delata
762 2967 866 3037 esseut,
891 2962 1094 3036 excussissem,
1119 2963 1209 3024 ualde
1234 2965 1323 3028 17ἰηί-

58 3058 190 3118 mulatio
212 3077 280 3118 mee
298 3063 436 3136 suspecte
456 3075 515 3116 esse
529 3056 686 3135 potuisset.
718 3054 781 3116 sed
795 3057 893 3117 satius
904 3062 956 3133 est,
967 3065 1122 3138 purgatos
1137 3079 1207 3135 esse,
1228 3081 1322 3141 quam

128 3254 154 3316 7,
173 3253 199 3316 6,
221 3253 242 3306 1.
279 3254 371 3323 Apis.
390 3258 415 3308 S.
434 3252 458 3318 6,
474 3252 515 3318 36,
533 3252 578 3306 35:
599 3270 651 3321 qua
670 3256 777 3321 (lingua)
798 3263 825 3306 tu
844 3255 957 3323 egisti.
974 3283 1006 3292 -
1025 3253 1049 3320 7,
1069 3253 1095 3318 6,
1112 3255 1136 3308 7.
1167 3256 1321 3326 impute-

61 3329 128 3374 tur.
164 3325 224 3374 Man
243 3328 303 3388 sagt
322 3329 398 3376 sonst
424 3324 594 3391 imputare
620 3339 685 3372 rem
708 3322 760 3372 rei
782 3339 804 3374 z.
822 3324 849 3374 B.
870 3325 936 3388 sato,
959 3339 1051 3385 nesae,
1077 3325 1143 3389 cino,
1170 3328 1197 3376 in
1216 3341 1247 3379 so
1263 3328 1322 3378 forn

57 3405 121 3440 man
140 3392 189 3442 der
204 3393 374 3455 Einwirkung
393 3393 482 3443 dieser
501 3393 586 3456 Dinge
604 3392 647 3442 die
666 3391 830 3456 Entstehung
847 3392 942 3456 irgend
960 3394 1034 3444 einer
1056 3393 1238 3458 Bracheioung
1257 3395 1321 3446 bei-

57 3462 137 3509 misst
158 3460 213 3509 und
229 3460 390 3510 zuschreibt.
428 3460 498 3510 Oder
515 3459 684 3526 imputare
708 3474 774 3508 rens
793 3459 934 3520 homini,
959 3461 986 3509 in
1004 3474 1035 3511 so
1053 3461 1111 3512 iern
1127 3475 1189 3512 men
1209 3462 1320 3514 Jcman-

58 3525 112 3575 den
131 3528 169 3578 als
187 3528 443 3592 zurechnungsla'hig
467 3541 560 3591 wegen
581 3529 654 3578 einer
672 3527 738 3576 That
763 3527 922 3578 betrachtet.
959 3528 986 3578 C.
1011 3527 1131 3593 dagegen
1150 3530 1248 3580 weicbt
1268 3544 1321 3582 von

59 3595 163 3644 diesem
182 3595 322 3646 Gebrauch
341 3595 390 3656 ab3
411 3596 482 3646 deun
502 3609 533 3646 er
550 3596 600 3645 will
619 3608 716 3658 sagen:
739 3609 818 3645 wenn
836 3609 888 3644 nur
906 3596 993 3646 melne
1009 3596 1102 3648 Flucht
1118 3598 1193 3648 nicht
1210 3598 1249 3650 als
1268 3612 1321 3664 ge-

58 3676 110 3726 gen
131 3663 174 3712 die
192 3663 326 3714 Unschuld
343 3665 446 3714 meioer
460 3663 563 3714 Briider
582 3662 703 3726 zeugend
722 3664 874 3727 angesehen
892 3663 968 3713 wird.

127 3751 150 3814 7,
169 3751 195 3814 6,
214 3752 239 3804 3.
278 3753 453 3804 Laeserat.
491 3754 554 3805 Was
582 3755 624 3805 die
645 3755 790 3805 Gemutner
816 3767 859 3804 nm
884 3755 999 3805 meisten
1023 3759 1130 3818 emphrt
1154 3757 1210 3808 uod
1235 3771 1319 3822 gesen

44 3821 102 3887 ,ihu
123 3822 297 3885 autgebrocht
315 3824 397 3872 hatte.
417 3848 445 3857 —
468 3819 495 3880 7,
515 3818 540 3883 6,
558 3818 583 3870 -1,
610 3819 751 3870 Alienus
774 3827 907 3882 terror,
934 3823 976 3872 ein
995 3822 1119 3885 Schrcclr,
1145 3824 1193 3875 der
1214 3825 1259 3876 iim
1276 3825 1320 3876 bei

57 3889 167 3952 nubiger
186 3889 369 3956 Uebcrlegung
387 3889 528 3952 eigentlich
548 3903 595 3952 gar
621 3889 695 3938 nicht
719 3889 793 3939 hatte
813 3889 908 3940 treffen
934 3890 1051 3953 konnen,
1079 3890 1113 3941 da
1131 3905 1161 3942 er
1185 3893 1320 3944 schuldlos

57 3970 123 4008 war.
161 3958 232 4008 Oder
252 3960 295 4008 ein
315 3957 498 4021 ungelegener,
520 3956 798 4020 ungliickbringender
816 3957 939 4008 Schrecln

127 4045 153 4107 7,
170 4045 194 4110 6,
215 4047 241 4098 5.
276 4048 375 4098 Suam
395 4048 507 4098 uicem.
529 4050 554 4098 S.
575 4061 609 4097 zu
627 4048 655 4097 C.
676 4045 703 4110 7,
723 4044 764 4111 13,
784 4045 827 4096 20.
847 4074 876 4084 -
896 4045 920 4110 7,
938 4043 964 4109 6,
983 4045 1009 4100 6.
1030 4047 1098 4098 lune
1114 4063 1218 4114 sepem
1234 4065 1320 4115 quo-

61 4131 131 4180 que.
153 4116 194 4166 F.:
210 4117 262 4165 iam
282 4133 373 4182 nepem.
411 4119 439 4165 ln
458 4116 592 4166 ahnlicher
611 4115 774 4179 Umstellung
793 4115 843 4166 der
862 4116 1024 4181 Satzglieder
1042 4131 1065 4166 z.
1083 4117 1110 4167 B.
1130 4117 1185 4168 Lis.
1202 4113 1227 4178 5,
1237 4113 1319 4180 test:

55 4189 185 4248 postremo
202 4201 247 4251 spe
265 4200 394 4250 quoque
412 4184 487 4244 ium,
509 4181 690 4233 nonsolum
707 4181 762 4234 cibo
782 4181 920 4248 deficiente.
948 4185 1020 4236 Curi.
1040 4181 1138 4248 9,1,1.
1162 4211 1190 4222 -
1210 4200 1320 4237 accu-

57 4251 198 4300 satoris.
234 4255 259 4303 S.
278 4267 299 4302 z.
318 4254 345 4303 B.
365 4249 391 4312 7,
409 4248 436 4311 4,
452 4248 492 4302 28.
518 4248 541 4314 7,
563 4249 586 4314 5,
604 4247 647 4301 39.

127 4340 152 4402 7,
173 4339 197 4406 6,
219 4342 244 4392 7.
283 4340 611 4393 declamationibus.
650 4343 675 4391 S.
694 4339 718 4404 9,
738 4339 779 4403 17,
797 4338 845 4392 23:
874 4340 956 4392 laetus
977 4340 1016 4392 his
1040 4340 1320 4393 acclamationi-

59 4409 125 4459 bus.
160 4412 234 4461 Doch
255 4411 337 4462 findet
355 4411 413 4462 sich
431 4411 520 4461 dieser
536 4410 679 4462 Gsbrauch
696 4409 741 4460 bei
761 4409 813 4460 den
833 4410 998 4461 ilistorikern
1019 4411 1092 4461 nicht
1121 4412 1226 4473 immer,
1249 4425 1319 4464 son-

57 4479 126 4528 dcrn
147 4479 196 4530 das
214 4480 292 4530 Wort
309 4479 378 4530 wird
394 4492 447 4528 von
465 4480 553 4537 innon,
569 4475 621 4528 wie
638 4477 682 4528 bei
701 4479 804 4538 Cicero,
835 4479 905 4530 auch
928 4492 976 4528 zur
995 4478 1176 4542 bezeichnung
1197 4480 1246 4531 des
1262 4482 1320 4531 Ge-

57 4546 164 4597 schreis
183 4547 364 4610 nngewcndet,
385 4546 515 4597 wodurch
534 4545 732 4611 blisabilligung,
751 4545 918 4612 Abneigung,
937 4548 1016 4598 Trotz
1041 4547 1222 4612 ausgedruckt
1245 4561 1320 4600 wer-

58 4616 112 4665 den
132 4615 187 4666 soll.
222 4617 246 4665 S.
267 4616 296 4666 C.
315 4613 358 4676 10,
375 4612 406 4677 9,
420 4611 459 4666 16.
487 4611 526 4676 11),
546 4609 588 4678 21,
606 4610 631 4664 6.
