2820 4964
103 161 147 227 aa
486 202 489 207 .
570 151 611 231 Q.
630 149 776 211 vcnrrrn
799 147 895 213 nnn

106 325 250 391 victoriae
263 327 382 387 ferrent.
402 336 405 340 ⁴
423 316 548 381 ¹ilirlem
570 319 661 398 paulo
683 327 750 380 ante
771 318 908 379 incertae‘
923 318 1019 378 lamae
1040 322 1235 396 captaverant
1255 337 1371 392 auram,

107 437 149 504 ut,
173 439 353 506 quocunqne
375 417 540 496 pendentes
559 415 676 477 animos
696 415 813 476 tulisset
831 414 959 490 lortuna,
982 414 1206 515 sequerenturq

191 518 305 582 XXIII.
342 511 516 575 ¹³Ceterum
531 534 594 575 nou
615 514 682 592 ipse
704 513 797 572 modo
819 531 872 571 rex
897 511 1001 572 obibat
1022 510 1123 587 urhes,
1144 510 1242 573 adhhc
1266 511 1371 590 iugum

109 617 227 698 imperii
248 619 429 688 recusantes,
448 611 502 672 sed
523 617 679 688 praetores
700 627 820 689 quoque
840 608 945 687 ipsius,
968 608 1081 687 egregii
1101 609 1204 683 duces
1226 606 1371 691 pleraque

112 717 288 777 invaserant.
308 709 397 770 Calas
410 707 652 787 Paphlagoniam,
663 704 833 784 Antigonus
844 705 1042 784 Lycaoniam
1054 703 1208 780 Balacrus,
1219 704 1370 782 Hydarne,

109 811 201 875 Darei
220 812 377 889 praetore,
398 809 558 883 superato,
580 803 716 864 Miletum
737 801 832 881 cepit:
866 796 891 840 ¹⁴
898 802 1103 882 Amphoterus
1127 806 1158 862 et
1179 800 1371 880 Hegelochus

110 915 230 972 centum
251 901 404 980 sexaginta
425 899 545 960 navium
568 900 666 962 classe
687 899 799 960 insulas
829 900 907 960 inter
928 897 1073 960 Achaiam
1100 902 1190 977 atque
1211 897 1317 959 Asiam
1342 897 1370 959 in

24 1045 28 1057 ,
110 1005 261 1066 dicionem
280 995 443 1059 Alexandri
465 996 653 1074 redegerunt
684 995 809 1057 Tenedo
831 1013 951 1076 quoque
971 1000 1101 1073 recepta,
1124 993 1242 1070 Chium,
1263 994 1369 1056 Incolis

37 1089 40 1094 ’
108 1103 191 1166 ultro
210 1093 397 1167 vocantibus
418 1097 582 1153 statuerant
602 1111 767 1170 occupare;
797 1086 822 1128 ¹⁵
830 1091 885 1151 sed
901 1090 1117 1166 Pharnabazus,
1128 1089 1221 1151 Darei
1240 1097 1368 1170 praetor,

11 1213 101 1260 W«)
111 1189 350 1275 comprehensis,
381 1188 433 1268 qui
462 1207 510 1249 res
543 1189 581 1249 ad
603 1186 787 1249 Macedonas
815 1187 988 1263 trahebant,
1016 1206 1120 1248 rursus
1141 1185 1321 1266 Apollonidi
1344 1193 1370 1248 et

11 1269 80 1286 m
110 1295 329 1368 Athenagorae,
350 1305 471 1347 suarum
492 1273 621 1363 partium
643 1284 732 1360 viris,
754 1283 860 1344 urbem
879 1303 948 1345 cum
969 1283 1093 1345 modico
1120 1283 1274 1362 praesidio
1299 1283 1370 1346 mili·

110 1399 174 1452 tum
195 1384 305 1447 tradit„
326 1377 505 1444 ¹⁶Praefecti
524 1379 688 1441 Alexandri
710 1380 740 1440 in
761 1379 921 1442 obsidione
941 1381 1025 1442 urhis
1045 1379 1288 1460 perseverabant,
1311 1399 1370 1442 non

111 1496 172 1550 tam
192 1483 255 1545 suis
277 1480 407 1556 virihnS,
428 1498 516 1559 quam
536 1477 691 1555 ipsorum,
713 1477 765 1556 qui
784 1473 1199 1552 obsidebantur,*voluntaie.
1242 1474 1312 1537 Nec
1331 1477 1371 1538 Ie·

112 1584 186 1646 iellit
208 1577 322 1658 opinio.
366 1577 505 1653 Namque
526 1573 604 1632 inter
624 1573 828 1652 Apolloniden
850 1580 881 1634 et
902 1574 995 1635 duces
1017 1574 1142 1635 militum
1171 1580 1238 1634 orta
1264 1573 1371 1634 seditio

112 1673 298 1754 irrumpendi
309 1672 340 1731 in
351 1671 458 1731 urbem
472 1668 663 1729 occasionem
674 1669 763 1732 dedit.
801 1666 998 1751 ¹⁷Quumque
1014 1677 1103 1750 porta
1123 1670 1246 1730 effracta
1261 1671 1372 1731 cohors

111 1773 311 1836 Macedonum
328 1767 476 1841 intrasset,
500 1765 749 1855 oppidantalim
771 1767 899 1827 consilio
924 1766 1103 1845 proditionis
1125 1765 1246 1846 agitato,
1271 1785 1373 1845 aggre-

113 1875 184 1950 gant
199 1887 231 1928 se
246 1863 433 1941 Amphotero
454 1868 483 1923 et
494 1861 685 1941 Hegelocho:
708 1863 928 1942 Persarumque
948 1862 1099 1942 praesidio
1123 1881 1221 1939 caeso,
1244 1863 1373 1923 Pharna-

112 1969 206 2028 bazus
229 1980 297 2021 cum
316 1956 500 2035 Apollonide
524 1965 553 2017 et
575 1959 767 2036 Athenagora
787 1958 881 2018 vincti
903 1960 1074 2035 traduntur,
1102 1954 1297 2021 ¹⁸duodecim
1323 1959 1372 2018 tri-

113 2077 211 2122 remes
233 2075 302 2116 cum
326 2073 383 2115 suo
403 2053 495 2114 milite
517 2074 553 2114 ac
574 2055 696 2132 remige,
719 2061 841 2133 praeter
862 2074 912 2116 eas
933 2055 1054 2134 triginta
1075 2056 1186 2132 inanes,
1208 2062 1239 2116 et
1256 2055 1372 2136 piratici

112 2154 219 2229 lembi,
243 2154 489 2230 Graecorumque
517 2151 574 2210 tria
602 2151 683 2211 milia
709 2171 727 2212 a
749 2153 848 2212 Persis
878 2153 1018 2214 mercede
1047 2153 1206 2215 conducta
1257 2153 1312 2214 llis
1343 2152 1372 2212 in

114 2251 355 2332 supplementum
376 2246 534 2324 copiarum
556 2266 678 2308 suarum
698 2248 872 2325 distributis,
896 2248 1059 2330 piratisque
1080 2249 1233 2329 supplicio
1252 2250 1372 2327 affectis,

112 2349 249 2430 captivos
270 2345 399 2423 remiges
423 2343 560 2404 adiecere
584 2343 674 2405 classi
695 2363 775 2406 suae.
1087 2314 1319 2410 7⁴me

181 2530 205 2595 1,
224 2530 265 2594 33,
286 2527 324 2580 13.
363 2527 1057 2596 luceriuesumaecaptaveraniauram.
1093 2528 1372 2591 AuromiiBezie-

114 2604 184 2667 hung
202 2601 251 2652 aus
267 2601 315 2650 das
334 2597 465 2659 ssuchtIge,
493 2599 654 2661 bewegliche
670 2598 789 2647 Elerneut
817 2599 866 2647 des
885 2599 1026 2659 Gerdchts3
1053 2613 1084 2649 so
1105 2600 1156 2648 Cic.
1176 2601 1242 2648 IIur.
1265 2596 1305 2663 17,
1327 2597 1371 2650 35;

115 2678 195 2720 totam
222 2667 363 2735 opinionem
386 2679 492 2730 parua
516 2681 703 2731 nonnumquam
728 2672 865 2715 commutat
892 2681 980 2714 aura
1006 2666 1163 2716 rumoris.
1204 2665 1372 2734 capture,

112 2739 229 2790 welches
254 2750 307 2785 von
337 2735 398 2784 dem
423 2732 576 2796 begierigen
596 2733 761 2792 Einathmen‚
793 2747 847 2783 von
875 2735 935 2784 dem
963 2735 1123 2798 Schnappen
1150 2735 1221 2786 nach
1239 2735 1301 2785 huit
1325 2732 1371 2800 gc-

113 2807 228 2857 braucht
255 2803 323 2852 wird
354 2803 384 2862 (s.
400 2800 470 2863 VIrg.
498 2803 592 2866 Georg.
620 2799 642 2862 1,
667 2799 724 2851 375.
744 2796 775 2848 6;
805 2808 851 2849 uui
871 2798 964 2850 bucula
985 2799 1084 2851 caelum
1107 2800 1251 2869 suspiciens
1276 2801 1374 2869 patulis

114 2871 270 2940 captavit
292 2867 397 2918 naribus
428 2868 549 2934 auras)
580 2871 616 2920 ist
640 2869 753 2920 treslend
779 2868 826 2918 aui
848 2869 889 2919 die
908 2870 1037 2920 Griecben
1062 2869 1231 2934 dhertragen,
1255 2871 1373 2922 insulem

114 2945 153 2994 sie
174 2943 220 2991 mit
243 2941 404 3002 gespannter
422 2935 579 3001 Erwartung
606 2938 654 2987 der
674 2937 850 2988 Nachrichten
870 2951 945 3002 ,vom
966 2939 1025 2988 Krie
1044 2938 1141 2989 eschen
1161 2939 1229 2988 Iatza
1255 2938 1373 2991 harrten.

114 3011 144 3060 V.
165 3010 219 3059 biv.
238 3002 261 3066 3,
281 3002 322 3064 37,
346 3002 376 3051 1:
406 3002 707 3070 circumspectare
731 3011 783 3052 tum
807 3004 976 3070 patriciorum
993 2951 1077 3054 vuitus
1095 2953 1188 3072 kami
1208 3012 1233 3054 et
1252 3005 1311 3055 inde
1330 3005 1373 3055 li-

115 3073 267 3124 hertatis
288 3076 434 3136 captare
450 3084 571 3118 auram.
585 3097 616 3106 -
632 3071 769 3119 animos.
787 3073 892 3122 Andere
904 3072 1166 3135 animisoderauimi,
1179 3073 1248 3124 nach
1260 3075 1374 3138 denge-

115 3142 281 3192 wbhnlichen
300 3138 539 3187 Constructionem
563 3137 604 3186 Idr
621 3139 664 3188 die
680 3138 754 3200 vulg.
774 3140 855 3203 vergi.
872 3138 895 3202 5,
919 3138 958 3202 10,
977 3138 1001 3190 3.

180 3229 204 3293 1,
225 3225 326 3289 23,13.
365 3226 480 3275 Nou—
494 3226 640 3289 moda,—
657 3227 715 3300 sed
729 3257 760 3264 -
776 3245 915 3296 quoque,
935 3232 1009 3281 nicht
1029 3247 1079 3281 nur
1097 3232 1146 3282 das
1166 3231 1238 3293 Eius,
1256 3233 1373 3283 sondern

113 3301 334 3367 gleichermassen
355 3295 423 3344 auch
445 3295 622 3372 dasAndere.
659 3296 731 3346 Doch
749 3298 823 3361 giebt
839 3299 887 3349 der
908 3299 992 3349 Inhalt
1009 3299 1200 3350 meistentbella
1219 3300 1280 3350 eine
1299 3301 1374 3350 Stei-

112 3383 214 3435 gerung
232 3367 273 3415 lilr
288 3365 337 3414 das
354 3363 449 3412 zweite
469 3361 548 3411 Ghed.
582 3365 617 3412 So
629 3359 653 3423 8,
671 3361 712 3422 17,
729 3362 753 3414 3.
772 3364 919 3427 1111837.
940 3365 965 3427 5,
987 3364 1026 3428 13,
1043 3365 1065 3417 1.
1086 3365 1126 3427 10,
1142 3364 1167 3426 5,
1178 3362 1219 3418 38.
1237 3365 1261 3427 1,
1273 3363 1318 3428 38,
1333 3365 1373 3416 27.

114 3430 462 3554 {qugurgdinlinffi'li
465 3443 528 3562 ywdrq
544 3426 570 3489 6,
593 3427 686 3550 Absisp]
693 3432 710 3481 i.
748 3435 879 3548 damantis
900 3436 1023 3498 fortunae
1041 3431 1065 3496 3,
1085 3431 1186 3495 3225.
1208 3460 1237 3472 ·-
1263 3433 1373 3485 Calas.

133 3519 234 3564 w,
288 3535 297 3559 ‚
355 3526 414 3546 .—
523 3514 607 3559 rna,
647 3515 653 3548 ι
688 3514 718 3550 cr
766 3517 834 3551 arne.

179 3591 205 3654 1,
215 3590 256 3654 33,
270 3587 309 3641 11.
327 3589 489 3638 Achaiam
501 3590 696 3641 imrdmischen
711 3593 790 3643 Siune
803 3593 845 3642 lur
861 3592 1005 3644 Graeciam.
1025 3595 1060 3643 So
1070 3593 1113 3643 bei
1122 3593 1173 3642 Cle.
1187 3593 1220 3643 ad
1229 3594 1308 3643 Attia.
1317 3590 1373 3654 3,8;

112 3662 265 3728 scripseram
272 3657 311 3708 ad
329 3665 361 3718 te,
375 3672 437 3724 quaa
448 3655 478 3705 oh
493 3672 583 3706 causus
596 3657 624 3706 in
641 3657 785 3724 Epirum
801 3676 853 3709 non
867 3660 1109 3728 essernusprofecti:
1122 3659 1226 3726 quodsi
1240 3658 1375 3710 Achaia

109 3747 190 3798 prope
201 3736 237 3778 est
247 3725 325 3794 plena
336 3724 561 3775 audacissimorum
573 3723 732 3804 inimicprnm
747 3731 808 3793 atq.
823 3743 844 3781 s.
867 3756 895 3765 -
919 3728 1272 3796 Tenedo-occupare.
1301 3729 1375 3778 Nacb

112 3799 199 3862 Cani,
220 3798 260 3846 F.:
282 3793 397 3844 Tenedon
406 3808 503 3858 quoqne
512 3799 651 3859 receptum,
661 3810 711 3844 inc.
726 3810 749 3844 n.
762 3795 917 3847 uocantibus.
938 3796 1090 3847 statuerunt
1106 3803 1131 3844 et
1145 3794 1226 3846 Chion
1239 3811 1373 3863 occupare.

178 3885 202 3951 1,
219 3886 263 3946 33,
284 3884 322 3936 15.
359 3883 566 3934 Trahebant.
601 3886 673 3936 Nach
699 3887 760 3937 dem
784 3889 827 3939 Gr.
851 3886 987 3957 προφέρειν
1011 3886 1043 3938 τὰ
1060 3887 1198 3956 πράγματα
1222 3883 1285 3956 πρός
1308 3903 1374 3937 τινα.

111 3961 137 4011 S.
154 3961 209 4008 biv.
229 3954 271 4018 28,
289 3952 314 4013 8,
332 3950 363 4002 2:
389 3953 510 4019 princeps
531 3953 653 4016 sectionis
681 3954 743 4014 eius,
766 3970 831 4018 quae
859 3961 1025 4006 truserat
1051 3971 1116 4005 rem
1139 3955 1179 4005 ad
1203 3953 1308 4005 Poenos.
1332 3952 1374 4016 37,

110 4024 136 4086 9,
154 4024 182 4077 3:
203 4020 411 4092 quaeplehem
431 4019 590 4071 concionibus
607 4021 649 4070 nri
664 4020 820 4073 Antiochum
837 4021 1009 4073 trahebat.
1029 4050 1058 4060 -
1084 4020 1111 4084 1,
1128 4021 1170 4084 23,
1192 4019 1233 4074 16.
1277 4021 1374 4072 Viri-

110 4094 178 4144 bus.
197 4086 423 4210 Verqlqffpgbt
440 4105 526 4138 more
544 4089 685 4155 quadam
702 4089 890 4143 Persarum.
909 4088 933 4152 9,
953 4089 993 4154 18,
1010 4088 1056 4142 26:
1074 4091 1208 4141 maiore
1224 4089 1373 4154 fiducia.

110 4166 134 4212 S.
154 4178 187 4213 zu
207 4164 233 4214 C.
271 4200 276 4221 ‚
331 4198 335 4219 ‚
390 4193 396 4206 ·

174 4249 198 4314 1,
216 4250 257 4311 23,
279 4248 319 4300 18.
356 4247 534 4298 Duodecim
560 4248 732 4296 triremes.
770 4249 819 4298 Die
839 4247 1018 4314 Anhnuptung
1044 4263 1076 4300 so
1093 4263 1159 4314 ganz
1176 4250 1375 4300 verschieden-

109 4323 206 4385 artiger
226 4319 351 4382 Subjecte
374 4331 408 4367 an
426 4317 474 4367 das
495 4314 575 4367 Verb.
596 4312 740 4376 traduntur,
766 4315 917 4368 besouders
936 4317 970 4367 da
991 4316 1116 4369 dasselhe
1135 4318 1219 4368 durch
1242 4316 1325 4366 cincti
1340 4332 1373 4366 zu

109 4391 195 4439 ciuem
213 4402 279 4450 ganz
299 4386 440 4449 specienen
461 4382 560 4448 Begrill
575 4387 735 4498 ausgepragt
762 4386 805 4444 ist,
835 4384 906 4436 lrann
925 4398 976 4435 nur
1000 4387 1040 4436 ala
1056 4386 1265 4449 Nachlessigkait
1285 4398 1374 4448 anga-

108 4456 316 4506 sebenwerden.
341 4453 477 4503 Vielleicht
491 4453 525 4502 ist
539 4450 618 4500 simu
641 4465 700 4516 qne
715 4454 884 4516 ausgelallen.
901 4479 929 4490 -
952 4452 1076 4503 inanes.
1094 4453 1137 4503 F.:
1157 4469 1269 4503 naves.
1287 4479 1316 4489 -
1339 4452 1374 4501 in

107 4520 380 4640 qqrpplqrpepltulm.
411 4516 602 4636 Sn'efi'si5'iw:
629 4519 665 4567 in
684 4519 954 4586 supplementum
971 4519 1186 4572 distributus
1201 4519 1282 4572 miles.
1303 4519 1328 4582 5,
1346 4520 1371 4580 b,

143 4624 197 4650 .,
252 4624 259 4648 ,
316 4623 322 4635 .
368 4601 401 4638 rr.
455 4624 461 4648 ,
515 4624 563 4646 ‚.
