2820 4964
193 181 249 245 IX.
263 177 352 244 XXI.
366 179 535 244 11.ΧΧ11.
550 179 818 245 11-30.ΧΧ111.
832 184 923 251 i-n
935 180 1052 246 xxiv.
1064 185 1181 247 6-11.
1255 180 1326 247 ”I-

55 351 164 412 deinde
186 369 273 410 amite
297 348 432 425 defluxit,
460 347 646 429 aliquantum
666 349 816 411 intervalli
837 370 855 410 a
878 354 979 411 cetere
1000 349 1097 411 classe
1119 350 1319 430 praecipiens,

54 470 94 509 nc
116 449 202 528 quies
224 445 349 524 corpori
369 445 502 506 invalido
521 446 619 506 adhuc
640 445 810 508 necessaria
831 445 922 526 pulsu
941 465 1094 508 remorum
1113 446 1319 526 impediretur.

100 589 102 593 .
140 539 293 620 ³erart0,
311 539 480 624 'postquam
507 542 647 620 navigare
671 548 831 621 coeperat,
860 542 910 604 die
935 542 1072 620 pervenit
1102 543 1133 602 in
1162 543 1318 622 regionem

56 644 206 704 desertam
225 638 345 720 quidem
375 640 412 699 ab
443 640 571 716 Incolis,
596 641 650 701 sed
680 641 829 700 frumento
859 644 889 699 et
917 637 1081 717 pecoribus
1109 625 1327 702 abundantem.⁵

54 738 175 800 I'Iacuit
190 737 215 798 is
236 735 323 795 Iocus
346 736 434 795 etad
455 755 541 798 suam
562 737 650 798 etad
671 735 798 796 militum
818 735 961 815 requiem.
1007 728 1096 794 “Mos
1125 742 1190 796 erat
1208 734 1318 814 princi·

55 837 145 916 pibus
163 833 329 894 anticorum
347 837 377 892 et
400 833 577 894 custodibus
598 831 747 910 corporis
770 831 919 892 excubare
941 837 1011 892 ente
1029 830 1223 908 praetorium,
1242 850 1317 911 qno

55 934 132 994 tiens
152 931 278 990 adversa
299 927 363 1006 regi
383 927 522 990 vaietudo
542 927 704 989 incidisset.
743 928 811 988 Hoc
837 935 901 987 tum
930 946 1052 1009 quoque
1075 945 1159 987 more
1187 932 1316 1001 servato,

54 1027 187 1089 universi
203 1022 374 1085 cubiculum
393 1022 457 1084 eius
479 1025 598 1086 intrent,
643 1021 717 1084 ⁵n1e
740 1022 900 1097 sollicitus
924 1043 963 1084 ne
986 1023 1058 1104 quid
1076 1021 1148 1084 novi
1167 1022 1315 1096 afferrent,

55 1125 126 1206 quia
158 1121 246 1184 simul
277 1126 445 1195 venerant,
465 1127 676 1200 percontatur,
711 1141 784 1182 num
820 1120 950 1181 bostium
988 1139 1096 1181 recens
1129 1118 1317 1179 nuntiaretur

55 1222 211 1282 adventus.

138 1315 259 1376 XXIV.
305 1306 365 1373 6Α1
392 1314 551 1382 Craterus,
582 1313 631 1374 cui
659 1313 829 1373 mandatum
850 1320 929 1386 eret,
954 1317 988 1375 ut
1017 1312 1184 1374 amicorum
1208 1330 1317 1391 preces
1357 1353 1358 1356 =

54 1415 203 1495 perterret
226 1411 264 1470 ad
284 1430 369 1484 curn,
390 1409 546 1485 Credisne,
564 1409 675 1490 inquit,
698 1409 834 1468 aduentu
853 1410 955 1486 magas
972 1407 1121 1484 besdum,
1142 1413 1179 1466 ut
1196 1409 1262 1467 ium
1279 1411 1315 1468 in

54 1512 138 1572 rullo
153 1510 360 1579 consisterent,
379 1507 524 1566 sollicitos
544 1523 617 1579 esse,
649 1523 742 1581 quum
761 1524 840 1564 erere
860 1505 973 1564 saluta.
987 1511 1074 1580 tuae,
1100 1511 1139 1562 ut
1155 1522 1241 1565 nurse
1263 1511 1315 1579 est,

39 1607 114 1668 nte·
131 1607 224 1666 uilis?
268 1589 862 1678 711αααία115α1ατ1ααααάα(3αι11ααι
880 1601 1085 1678 cmespirctin
1105 1617 1170 1674 nos,
1188 1599 1316 1678 impleut

55 1705 152 1764 armis
163 1702 295 1776 uiresque
308 1704 405 1757 totum
417 1694 525 1771 orbem,
543 1693 689 1756 classibus
703 1697 807 1755 marra
821 1703 1006 1772 consternat,
1026 1697 1194 1757 inusitatae
1212 1692 1316 1757 tetum
1332 1684 1342 1698 χ

55 1800 202 1861 inducat:
221 1803 256 1854 tu
268 1814 324 1855 nos
338 1789 510 1872 praestabis
528 1793 665 1853 inemtas.
711 1785 795 1852 ⁸Sed
812 1795 881 1871 puis
899 1793 1024 1854 morum
1044 1792 1100 1852 lac
1107 1791 1317 1879 Maeedmiae

56 1895 195 1955 columen
217 1911 255 1950 ne
279 1889 363 1949 siclus
390 1888 575 1948 diumrnum
594 1886 675 1966 fore
695 1888 842 1966 polliceri
859 1885 977 1968 potest,
1008 1907 1104 1968 quum
1129 1894 1195 1948 tum
1226 1888 1316 1948 carde

56 1988 232 2069 montfortis
248 1984 397 2064 perieulis
418 1983 534 2061 efferus
554 2002 676 2062 corpus,
692 1981 815 2059 ,oblitus
839 1987 1019 2047 tarsicium
1045 1986 1169 2045 animas
1195 1985 1316 2048 tradere

57 2095 86 2147 te
105 2088 141 2144 in
160 2086 288 2144 casum?
334 2075 434 2148 waes
457 2082 539 2138 enim
566 2078 624 2138 tili
649 2087 797 2158 superstes
823 2087 882 2140 aut
908 2088 996 2159 optat
1021 2101 1083 2142 esse
1111 2087 1171 2141 aut
1190 2085 1315 2160 petest?

55 2186 102 2251 Eo
116 2180 324 2258 pervenimus,
342 2175 517 2250 auspicium
536 2182 627 2252 atque
650 2176 814 2252 imperium
832 2179 954 2252 sequuti
972 2173 1076 2252 tuum,
1099 2176 1182 2239 unde
1202 2179 1268 2237 nisi
1286 2184 1316 2239 te

55 2276 167 2336 reduce
187 2270 272 2330 nulli
293 2269 337 2328 ud
354 2275 483 2345 penam
506 2288 575 2329 suos
604 2271 664 2330 iter
690 2277 742 2330 est.
784 2267 910 2341 ¹⁰de
929 2273 961 2331 si
987 2273 1089 2335 adhuc
1117 2273 1153 2333 de
1180 2273 1315 2335 Persides

56 2387 152 2450 regna
169 2386 239 2428 eum
251 2368 354 2426 Dareo
366 2363 535 2438 dimicares,
555 2366 709 2425 etsinemu
720 2366 816 2442 uellet,
838 2374 943 2426 tamen
958 2388 997 2427 ne
1018 2369 1176 2428 admirari
1192 2368 1314 2446 quidem

51 2473 169 2547 posset,
202 2470 266 2521 tam
281 2467 446 2539 promptae
465 2479 524 2519 esse
544 2467 573 2519 te
593 2462 638 2522 ad
659 2479 747 2520 omne
767 2461 929 2523 discrimen
958 2463 1126 2524 ααάααίααε
1157 2481 1233 2543 nam
1261 2463 1317 2524 ate

53 2554 150 2643 peria
170 2565 245 2618 sunt
259 2558 437 2636 perieulum
458 2575 496 2615 αα
508 2559 702 2634 praemium,
728 2564 761 2616 et
771 2553 911 2619 secundis
930 2556 1019 2619 relus
1036 2559 1170 2637 amplior
1178 2559 1315 2639 fruetus

57 2664 150 2719 estet
169 2655 302 2715 (aduersis
322 2653 466 2713 solatium
480 2653 598 2712 marus:
628 2647 650 2692 ¹¹
657 2660 710 2713 tuo
730 2671 801 2713 vero
821 2654 921 2732 capite
941 2652 1104 2733 ignobilem
1123 2655 1225 2731 recum
1254 2656 1317 2717 emi

125 2837 209 2902 913,
229 2835 256 2886 1.
291 2834 971 2903 Aliquantuminteruallipraccipiens.
999 2838 1025 2887 S.
1042 2831 1066 2900 4,
1086 2833 1179 2897 60,3:
1207 2834 1315 2888 multum

58 2909 115 2958 aiae
132 2910 370 2973 praeceperat.
388 2900 496 2965 4,1,1τ
517 2902 546 2951 id
562 2903 659 2953 demum
676 2902 779 2954 eredens
795 2903 958 2971 sarcimine,
977 2903 1044 2970 quod
1061 2902 1193 2955 celeritate
1205 2920 1313 2971 prac-

59 2977 169 3042 cipere
187 2972 317 3039 potuisset.
337 2998 369 3006 -
396 2969 519 3031 adduc,
540 2972 641 3021 sowohl
661 2971 704 3024 bis
724 2986 756 3021 zu
776 2973 862 3021 ciuem
882 2972 1055 3022 bestimmten
1072 2973 1158 3023 Punkt
1177 2972 1227 3023 der
1241 2974 1315 3023 Ver-

55 3044 216 3108 ‘gangenhmt
238 3039 270 3100 (3,
295 3037 334 3100 11,
354 3036 378 3088 1.
398 3035 422 3099 4,
441 3035 482 3099 41,
502 3035 542 3089 34.
560 3035 585 3101 4,
601 3037 641 3101 57,
661 3038 712 3103 17),
738 3040 776 3090 ais
796 3039 838 3090 his
857 3055 890 3088 zu
912 3041 999 3089 etnem
1017 3040 1125 3099 solchen
1141 3040 1189 3090 der
1208 3043 1314 3103 Gegen-
1336 3077 1338 3082 .

60 3116 134 3161 svart.
154 3113 180 3162 S.
202 3106 225 3170 4,
244 3107 285 3170 11,
303 3104 326 3156 4.
346 3104 369 3167 4,
390 3103 491 3167 44,11.
510 3105 534 3168 5,
558 3107 582 3167 1,
602 3105 627 3157 5.

127 3198 150 3262 9,
169 3197 213 3259 14,
232 3195 256 3253 6,
284 3194 470 3247 Sollicitos
493 3213 566 3246 esse
593 3199 628 3249 ist
646 3211 699 3248 von
718 3196 743 3246 Z.
760 3197 848 3246 hinter
866 3195 1032 3246 consisterent
1049 3196 1160 3262 gesteIIt,
1188 3196 1316 3249 wahrend

59 3273 102 3320 die
119 3269 193 3330 Vutg.
214 3282 259 3315 nos
279 3280 332 3314 esse
351 3263 475 3314 sollicitos
494 3265 581 3344 htuter
597 3263 656 3313 cilis
674 3265 755 3314 hatte.
776 3291 804 3342 “.
832 3270 868 3312 ut
885 3279 974 3313 nune
990 3271 1045 3314 est.
1075 3265 1101 3314 S.
1120 3276 1157 3314 zu
1172 3262 1197 3325 5,
1216 3262 1256 3328 18,
1275 3262 1314 3316 1⁰.

57 3330 1315 3470 ,9,11119193119..111111111191111111111111111

58 3471 102 3587 35l,
120 3466 208 3584 49,Ιὸ5ῑ
245 3485 293 3517 rec
315 3467 429 3534 peditum
453 3467 611 3542 equitumque
636 3464 712 3516 nubes
731 3466 823 3516 'iactat
850 3472 875 3516 et
901 3467 1088 3517 consternit
1114 3467 1228 3518 maria
1247 3468 1315 3518 suis

59 3558 74 3588 0
99 3554 169 3587 11881
196 3553 239 3586 us.

126 3625 149 3690 9,
168 3623 211 3685 14,
230 3622 256 3678 8.
296 3623 465 3676 columen.
497 3625 522 3673 S.
541 3624 631 3672 Horat.
651 3624 692 3674 od.
710 3621 735 3687 1,
754 3621 840 3686 17,4;
866 3623 1009 3686 Maecenas,
1025 3638 1139 3674 meantes
1154 3624 1254 3692 prande
1269 3624 1315 3675 de-

59 3712 103 3746 cus
121 3693 338 3760 columenque
355 3708 446 3741 rerum,
475 3693 527 3741 CIc.
546 3705 595 3754 pro
614 3689 723 3754 Sest8,
743 3688 789 3741 19:
815 3691 956 3759 ernnplurn
974 3690 1075 3759 inperii
1093 3692 1195 3754 retnis,
1220 3693 1316 3759 insapi-

58 3760 115 3813 nem
133 3761 303 3826 antiquitatis,
327 3758 548 3819 colemanni
567 3755 731 3824 publicae
747 3758 844 3809 diceres
864 3758 965 3810 intueri.
992 3760 1049 3809 Liv.
1068 3757 1108 3822 38,
1128 3758 1170 3822 51,
1186 3757 1217 3810 4ε
1239 3776 1318 3810 unum

59 3831 184 3880 lorniuens
212 3837 290 3894 caput
316 3825 535 3890 columenque
557 3824 696 3890 imperii
723 3827 854 3876 romani
878 3843 937 3878 esse.
959 3852 988 3863 -·
1021 3826 1114 3876 sidus
1141 3841 1194 3877 von
1214 3829 1317 3891 Dingen

61 3899 116 3947 rrnd
133 3899 274 3957 Personen,
303 3897 346 3946 die
367 3895 451 3944 durch
477 3894 534 3942 ihre
561 3893 705 3954 glanzcnde
722 3894 904 3958 Ersoheinung
928 3898 1009 3944 untcr
1034 3895 1110 3944 ibren
1128 3894 1317 3958 Umgehungen

60 3967 254 4016 hervortreten:
289 3963 372 4024 Vergt.
394 3963 486 4012 Horat.
507 3972 587 4010 carm.
606 3957 795 4020 1,11,4511.;
818 3962 911 4012 macir
933 3959 1034 4010 occulto
1053 3959 1220 4010 salutarior
1242 3975 1316 4022 cero,

59 4034 133 4096 [ema
151 4029 286 4079 Marcelli:
305 4031 384 4078 micat
402 4029 470 4076 inter
488 4042 571 4076 omnes
590 4025 713 4077 iulium
731 4028 842 4091 sidus,
861 4028 932 4080 relat
947 4029 1016 4077 inter
1033 4029 1103 4094 eques
1121 4026 1184 4077 lasne
1198 4027 1316 4080 ninere.

60 4100 135 4149 Doch
153 4099 222 4147 noch
243 4097 427 4148 bedeutcnder
445 4102 517 4145 were
534 4096 582 4144 der
593 4095 741 4158 ausdruck,
760 4110 839 4148 wenn
856 4097 939 4148 durch
954 4095 1024 4145 sidu
1035 4096 1198 4161 angedeutct
1215 4096 1316 4158 whrdc,

62 4169 125 4217 dass
143 4167 212 4215 Alex.
240 4166 383 4229 gleichsam
401 4163 439 4213 ais
463 4163 597 4225 derjenige
614 4163 692 4214 Stern
717 4177 751 4213 eu
774 4165 932 4216 batrachion
957 4165 1006 4225 set,
1028 4176 1093 4223 ron,
1106 4164 1167 4214 dem
1187 4163 1318 4213 Maedo-

62 4235 139 4284 niens
157 4234 291 4283 Schicksul
307 4232 429 4293 athugc.
466 4231 501 4280 So
518 4231 605 4280 Amin.
624 4231 703 4281 Marc.
727 4228 769 4294 11,
786 4231 819 4282 19
835 4248 861 4297 p.
881 4229 948 4280 net:
971 4245 1018 4296 per
1039 4226 1107 4280 alias
1134 4244 1232 4296 quoque
1251 4228 1316 4280 dci-

63 4307 128 4350 tutes
145 4307 175 4350 ut
195 4301 292 4349 sidus
318 4297 484 4348 salutare
503 4297 728 4362 (suscipiebatur).

131 4388 157 4451 9,
174 4387 216 4452 14,
232 4389 249 4441 9
299 4390 339 4439 Te
357 4388 482 4437 reduce
506 4388 534 4437 tn
559 4387 607 4438 der
626 4388 864 4451 etgenthttndIchen
882 4385 1022 4436 Bedentun
1041 4426 1047 4450 ,
1073 4387 1113 4442 ota
1130 4400 1209 4438 wenn
1231 4392 1256 4435 te
1272 4402 1317 4436 re-

63 4459 170 4508 ducente
188 4459 325 4510 dasthnde.
344 4484 373 4493 —
393 4454 419 4516 9,
438 4453 483 4514 14,
501 4453 541 4504 19.
571 4453 715 4515 Quodsi.
741 4457 778 4506 e:
800 4455 887 4522 proisi.
908 4480 937 4491 -
959 4451 985 4518 9,
1040 4453 1105 4518 ,11.
1131 4452 1319 4520 Ipnobilem

63 4527 183 4577 cicun.
221 4526 254 4576 Es
273 4539 331 4575 war
349 4525 448 4574 treitich
468 4522 543 4573 nicht
559 4524 604 4574 dic
623 4523 785 4586 Hauptstadt
800 4525 849 4574 der
861 4524 959 4584 Mater,
975 4524 1045 4576 noch
1065 4525 1101 4574 tst
1118 4524 1251 4588 gersderu
1268 4536 1317 4586 gc-

64 4598 132 4658 sagt,
152 4595 216 4645 dass
237 4607 267 4644 es
284 4595 327 4644 die
344 4593 462 4644 sthrkstc
480 4593 558 4642 Festa
578 4593 720 4650 dersethen
742 4602 876 4658 gewcscn,
900 4591 993 4644 iudces
1017 4594 1101 4645 neunt
1122 4591 1162 4643 sie
1179 4592 1237 4642 Λα.
1254 4587 1279 4653 6,
1289 4587 1315 4648 8,
