2820 4964
103 174 166 238 rsa
476 256 499 270 Ἣ
567 170 890 252 5555155511

143 344 149 356 .
396 279 503 357 ‘baffia
546 342 553 355 .
1322 341 1352 355 ..

103 343 211 404 demde
229 360 372 423 aquarum
394 340 523 403 divortio
545 348 617 416 1151,
649 343 731 422 quod
755 346 939 420 coeperunt,
969 345 1165 417 percurrunt:
1195 340 1259 402 duo
1288 343 1371 403 mrlra

103 448 133 502 et
154 440 316 520 quingenta
335 439 429 499 stadia
450 438 562 499 emensi
585 445 663 512 suut,
685 439 736 518 qui
758 437 974 517 amplissimum
998 437 1185 498 interuallum
1208 437 1293 498 circa
1315 439 1373 499 Ar-

102 538 217 597 meniae
238 541 355 596 montes
379 541 567 596 notavcmnt.
606 527 845 615 1llirleurquum
868 532 984 594 Mediae
1004 539 1035 593 et
1055 533 1292 612 Gordyaeorum
1313 541 1373 596 ter-

104 654 153 694 ras
166 653 270 694 secare
285 639 459 711 coeperunt,
482 631 625 710 paulatim
648 633 679 692 in
698 631 791 692 artius
811 637 929 706 coeunt,
952 636 991 704 et,
1017 651 1078 710 quo
1097 630 1219 710 lougius
1239 641 1372 707 manant,

104 733 162 791 boc
175 728 429 819 angustiusfinter
449 748 482 789 se
504 729 632 808 spatium
653 735 751 792 terrae
775 730 955 810 relinquunt
997 721 1021 765 ¹⁵
1030 726 1131 788 Vicini
1151 728 1281 790 maxime
1303 736 1391 790 suut'

105 828 136 887 in
153 826 281 906 campis,
312 844 391 906 quos
412 824 531 886 incolae
553 827 804 905 Mesopotamiam
827 826 995 906 appellaut3
1025 824 1152 885 mediam
1180 844 1313 906 namque
1333 826 1370 885 ab

104 931 234 1005 utroque
254 923 347 983 latere
373 920 566 984 concludunt.
607 923 699 983 Iidem
728 944 784 1004 per
812 923 1052 1003 Babyloniorum
1077 921 1154 981 lines
1183 920 1216 980 iu
1245 921 1371 982 rubrum

105 1039 187 1080 mare
206 1020 383 1098 irrumpunt.
418 1014 621 1080 ¹⁶Alexander
643 1021 755 1100 quartis
778 1021 865 1081 castri
903 1021 941 1080 ad
955 1019 1075 1080 Mennin
1096 1019 1202 1079 urbem
1224 1019 1368 1096 pervenit.

106 1118 242 1177 Caverna
266 1117 308 1176 ibi
328 1121 388 1190 est,
411 1135 447 1175 ex
470 1137 529 1196 qaa
552 1117 621 1176 fons
642 1117 790 1196 ingentem
810 1040 1040 1178 5115115155
1063 1114 1198 1189 effundit,
1220 1114 1318 1189 adeo,
1338 1122 1369 1176 ut

107 1213 178 1274 satis
198 1218 322 1288 constet,
343 1213 524 1293 babylonios
544 1232 649 1274 muros
671 1213 798 1293 ingentis
820 1214 922 1292 operis
944 1213 1031 1274 buius
1054 1211 1144 1272 sontis
1162 1210 1309 1274 bitumine
1330 1213 1369 1272 in-

106 1277 329 1372 terlitbi‘isse„
1131 1355 1141 1377 .

189 1409 237 1469 lll.
277 1403 450 1468 ¹⁷Oetemm
477 1407 633 1487 Babylona
661 1407 838 1487 procedenti
867 1405 1040 1468 Alexandro
1067 1404 1222 1482 Mazaeus,
1250 1406 1304 1488 qui
1334 1427 1368 1468 ex

107 1505 171 1566 acie
192 1506 306 1567 ineam
328 1504 433 1565 urbem
455 1505 641 1582 confugerat,
664 1501 732 1564 cum
754 1503 862 1564 adultis
880 1502 984 1564 liberis
1006 1503 1134 1582 supplex
1155 1504 1299 1581 occurrit,
1322 1525 1368 1566 ur-

107 1602 282 1683 bemseque
301 1601 423 1664 dedens.
453 1601 564 1662 Gratus
578 1601 724 1661 adventus
746 1601 812 1662 eius
830 1596 901 1678 regi
916 1600 980 1676 fuit,
1012 1600 1124 1680 quippe
1144 1600 1246 1679 magni
1268 1604 1368 1681 operis

108 1697 225 1760 obsidio
249 1700 349 1759 futura
373 1703 437 1758 erat
457 1703 516 1777 tam
540 1698 671 1758 munitae
692 1698 803 1759 urbia.-
824 1691 907 1755 18115
927 1698 986 1759 1155
1006 1697 1053 1756 vir
1073 1696 1197 1759 illustris
1221 1704 1253 1759 ct
1280 1719 1368 1761 manu

109 1804 275 1874 promptus,
298 1796 434 1875 famaque
458 1794 544 1855 etiam
567 1793 706 1874 proximo
727 1792 847 1876 proelio
870 1793 1007 1870 celebris,
1031 1802 1061 1856 et
1083 1800 1201 1856 ceteros
1224 1795 1268 1856 ad
1289 1795 1369 1856 dedi-

108 1892 221 1952 tionem
241 1892 287 1952 sui
309 1891 485 1953 incitaturus
508 1891 646 1970 exemplo
667 1891 831 1952 videbatur.
874 1891 969 1970 Igitur
985 1893 1064 1953 bunc
1092 1891 1212 1973 quidem
1241 1893 1369 1973 benigne

112 2008 179 2052 cum
200 1988 303 2049 liberis
334 1987 460 2068 excipit:
493 1983 661 2050 ¹⁹cetcrum
689 1989 834 2070 quadrato
867 1990 999 2069 agmine,
1028 1989 1110 2070 quod
1136 1988 1202 2068 ipse
1232 1990 1368 2066 ducebat,

104 2242 211 2292 Graeci.
230 2242 358 2294 ammian.
376 2243 490 2294 Marcell.
512 2241 552 2303 15,
573 2240 668 2293 115111
688 2244 770 2296 1111515
787 2259 837 2296 var
856 2247 959 2296 seinem
974 2244 1081 2294 Eintritt
1100 2245 1127 2293 15
1146 2243 1199 2294 den
1215 2242 1366 2295 Bodenaee:

108 2313 211 2377 iamque
231 2309 361 2359 absolutas
382 2310 487 2376 altaque
506 2311 663 2360 divortia
680 2311 797 2378 riparum
814 2313 948 2374 adradenr,
965 2310 1049 2361 lacum
1066 2311 1166 2361 invadit
1184 2310 1367 2361 rotundum.-

108 2381 176 2429 iter
195 2392 257 2428 vom
277 2378 416 2437 Flusslaui,
437 2379 489 2429 wie
506 2375 530 2440 6,
550 2377 589 2440 10,
608 2376 641 2429 l:
661 2381 808 2430 515515-
824 2397 898 2441 anea,
920 2379 988 2446 qaod
1002 2378 1128 2429 alveolum
1143 2374 1303 2445 interpellat,
1325 2395 1367 2427 re-

105 2463 252 2515 percussus,
279 2445 339 2494 (155
366 2445 501 2496 itiitere
526 2445 596 2496 celat
618 2445 769 2514 dispensatis
798 2449 871 2515 aquis
896 2448 1020 2515 aperit.
1047 2445 1073 2508 6,
1101 2447 1141 2510 10,
1161 2446 1193 2497 b:
1220 2446 1273 2495 iter
1296 2447 1367 2512 capit.

108 2511 478 2575 1’515511155559,15,9.-
502 2514 586 2580 quod
603 2524 799 2582 coeperunt.
829 2517 865 2567 u:
889 2516 957 2582 qaod
970 2531 1066 2583 cepere.
1098 2518 1123 2567 S.
1141 2516 1197 2566 biv·
1215 2512 1257 2576 21,
1278 2513 1321 2578 99,
1340 2514 1367 2563 b:

109 2581 242 2633 Hannibal
259 2587 345 2630 utrum
364 2588 516 2647 coeptum
532 2583 559 2630 in
575 2581 680 2632 ltaliam
695 2583 835 2634 intenderet
851 2585 930 2634 iter.
1029 2636 1032 2645 f
1303 2605 1307 2612 ·

175 2675 199 2736 5,
219 2670 303 2736 214.
340 2671 600 2737 Gordyaeorum.
622 2676 662 2725 Z.:
686 2673 878 2725 Gordiaeorum.
899 2675 943 2726 F.:
962 2673 1159 2725 Gordianorum.
1187 2668 1368 2739 15131551,

108 2744 149 2808 (10,
169 2743 194 2797 8.
213 2770 241 2780 -
262 2757 388 2791 secare.
410 2743 435 2790 S.
451 2740 518 2805 virg.
538 2743 599 2793 Aen.
621 2740 647 2802 7,
666 2739 722 2793 716.
741 2740 774 2794 7:
790 2741 929 2810 populique
946 2741 1030 2802 latini,
1047 2741 1163 2808 Quosque
1179 2757 1305 2793 aecana
1328 2742 1368 2791 in-

107 2816 220 2879 faustum
236 2808 354 2860 interluit
369 2807 444 2857 Allia
461 2825 556 2859 nonien.
575 2837 603 2846 —
634 2808 705 2871 5,2‚
726 2810 765 2861 15.
808 2809 1032 2861 Concludunt.
1061 2810 1104 2860 [ἦε
1131 2807 1247 2870 cludunt,
1268 2811 1368 2862 welche

108 2884 187 2932 Form
207 2881 264 2930 sich
283 2879 352 2929 auch
371 2874 394 2937 6,
415 2873 513 2939 16,15.
538 2875 562 2939 8,
582 2876 605 2940 9,
626 2877 814 2930 1115155551.
837 2907 868 2916 -
888 2878 1094 2944 irrumpunt.
1124 2877 1164 2928 Fa
1189 2884 1368 2996 prorumpant,

108 2953 159 3000 wie
178 2949 267 3011 virgil.
281 2949 344 2997 Aen.
366 2943 392 3004 7,
410 2943 444 2994 19
463 2945 501 2995 11.;
519 2945 586 2995 bunc
604 2946 671 2995 inter
689 2947 765 3010 115515
789 2947 918 2997 Tiberinus
938 2962 1042 2997 amoeno
1066 2944 1210 2995 Vorticibus
1228 2946 1289 3013 rapi
1307 2947 1330 2997 is
1347 2952 1369 2995 et

108 3015 191 3067 155115
209 3015 290 3080 flavae
310 3028 390 3062 arena
409 3011 447 3060 ln
466 3028 556 3062 mare
572 3016 777 3082 prorumpit.

177 3103 242 3168 51,
265 3102 304 3155 16.
340 3102 482 3153 Manain.
524 3106 578 3154 Der
605 3107 689 3156 Name
709 3107 813 3157 kommt
836 3111 912 3158 sonst
935 3108 1029 3158 walter
1053 3106 1126 3156 515111
1151 3118 1202 3155 vor
1226 3106 1284 3156 und
1309 3120 1369 3157 5155

110 3177 181 3226 kann
207 3173 265 3223 sich
289 3185 336 3221 zur
354 3171 537 3234 Bestimmung
562 3172 610 3222 der
627 3174 755 3226 Lokalitat
779 3189 830 3225 nur
850 3179 920 3226 elwa
939 3189 973 3226 an
997 3175 1040 3225 dio
1059 3172 1290 3239 Bitumenquallen
1310 3174 1369 3225 bal-

111 3247 164 3301 155,
186 3241 229 3292 515
250 3242 275 3289 15
292 3241 369 3302 jener
387 3239 495 3302 Gegend
514 3240 607 3302 liegen,
634 3242 795 3294 uamenllich
814 3244 856 3294 dio
878 3257 930 3294 von
947 3243 1053 3294 Kerkuk
1072 3242 1127 3292 555
1145 3235 1200 3291 1115
1218 3240 1369 3293 abur-matu.

113 3338 141 3349 -
158 3305 342 3359 interlitos
358 3323 438 3355 5555.
457 3305 517 3367 sb,
532 3303 558 3366 1,
570 3305 614 3358 25·
626 3309 863 3360 551551551555155
877 3309 1001 3360 laterculo
1013 3308 1107 3369 coctili,
1128 3307 1297 3359 bitumine
1315 3309 1369 3359 in·

111 3371 405 3436 sortiebantur:
425 3373 513 3425 coctili
529 3373 652 3426 laterculo
670 3378 765 3428 stracti
782 3385 856 3428 runt:
878 3385 956 3429 totum
976 3395 990 3428 a
1056 3376 1220 3426 bitumina
1239 3377 1370 3426 astrin-

107 3447 215 3512 pitar.
246 3445 355 3495 Plinii.
375 3443 405 3494 ll.
431 3439 472 3504 35,
494 3441 532 3505 15,
551 3441 596 3497 51;
622 3442 701 3496 calcia
721 3461 819 3512 qnoque
835 3462 908 3496 usam
922 3462 989 3514 prae
1005 3446 1042 3496 uit
1053 3446 1200 3508 (bitumen),
1221 3444 1274 3494 ita
1292 3446 1369 3509 ser-

110 3511 300 3564 ruminatir
320 3508 508 3577 Rabylonis
525 3511 644 3564 155515.

177 3601 300 3665 5515.
338 3601 499 3653 Celebris.
529 3605 648 3655 Seltnere
667 3605 752 3656 Form.
787 3607 812 3656 S.
831 3607 928 3669 Zumpt
942 3606 984 3656 Gr.
1004 3607 1028 3670 5,
1045 3603 1102 3656 100.
1119 3605 1194 3656 15111.
1215 3632 1248 3642 -
1268 3604 1369 3655 caci·

107 3673 166 3740 pit.
195 3671 375 3737 F.:·eacepit.
398 3698 426 3708 -
446 3669 471 3734 5,
493 3670 518 3732 3,
540 3670 580 3722 19.
609 3671 786 3733 Quadrato
812 3674 950 3738 aparine.
985 3672 1196 3724 neruusdruck
1222 3672 1294 3725 wird
1316 3687 1370 3724 von

112 3744 199 3794 einem
219 3739 288 3790 Heer
308 3739 463 3804 gebraucbt,
490 3741 605 3790 welches
622 3742 648 3790 in
668 3744 791 3804 strenger
814 3742 946 3804 ordnung,
975 3742 1128 3792 5551151155
1148 3740 1239 3791 Sallen
1262 3741 1373 3791 11151151

112 3812 190 3862 einen
206 3807 307 3871 Angritl
327 3810 446 3871 gerastet
472 3809 623 3868 marscbirt,
649 3809 705 3858 und
729 3822 802 3859 zuar
824 3809 924 3859 sawoht
952 3810 1031 3871 daun,
1060 3822 1139 3859 wenn
1162 3808 1207 3858 515
1227 3807 1302 3860 Naba
1323 3811 1371 3860 der

110 3879 207 3930 Feinde
225 3876 291 3928 oder
311 3876 412 3929 andere
429 3876 572 3927 Umstande
590 3891 638 3927 zur
650 3877 775 3928 Vorsicbt
792 3877 970 3939 ueranlassen,
990 3878 1028 3928 als
1047 3876 1125 3935 auch,
1144 3889 1223 3926 wana
1244 3878 1289 3928 515
1305 3882 1370 3927 551-

110 3945 253 3998 555155555
267 3944 377 3995 llbsicbt
393 3945 541 4004 vorwaltet,
562 3945 611 3995 das
622 3946 690 3996 Heer
704 3944 876 3994 unmittelbar
891 3946 918 3994 in
936 3945 990 3995 den
1007 3943 1105 4008 Kampt
1119 3958 1153 3995 zu
1168 3944 1276 3996 Mbren:
1297 3944 1369 3996 5555

109 4018 136 4065 15
153 4015 254 4066 diesem
275 4013 343 4063 Falla
360 4014 463 4062 mussto
482 4013 581 4076 gerade
599 4014 642 4066 515
660 4016 795 4076 strengste
811 4013 937 4076 ordnung
954 4014 989 4064 im
1009 4015 1079 4075 luge
1099 4012 1252 4065 herrscben.
1282 4014 1369 4076 vergi.

110 4077 332 4144 8555555591
361 4079 416 4128 ire
436 4079 607 4144 quadrata
625 4080 752 4146 aparine
777 4080 977 4141 excercitum,
1001 4078 1058 4128 ubi
1084 4078 1192 4130 1155115
1217 4079 1257 4130 55
1286 4079 1370 4130 omni

106 4157 208 4216 parte
231 4156 407 4214 suspectus
430 4154 490 4210 est,
514 4164 648 4214 pnpnae
669 4154 836 4215 paratam.
891 4148 939 4198 Ein
961 4147 1073 4212 Beispiel
1098 4149 1147 4199 des
1174 4152 1265 4200 515155
1288 4148 1370 4199 balles

109 4212 381 4278 5155551155,
403 4211 451 4266 ll:
479 4215 649 4281 quadrato
679 4214 806 4282 apmine
828 4221 857 4264 et
884 4215 1078 4282 composita
1105 4215 1169 4276 ibat,
1195 4215 1369 4283 rpemrlatores

109 4285 213 4336 subinde
229 4284 401 4354 praemittens,
423 4282 467 4349 qui
486 4281 653 4350 explorarent
673 4280 739 4331 1555.
776 4283 828 4332 Fur
847 4283 898 4334 555
922 4284 1036 4335 zweiteu
1053 4284 1111 4348 Falt,
1140 4297 1201 4349 mag
1222 4285 1301 4337 dabei
1322 4285 1370 4351 der

111 4354 216 4408 Mausoli
235 4366 266 4404 so
287 4352 352 4404 laura
370 4352 481 4401 seruus
503 4352 625 4415 moglicb,
649 4351 752 4414 spricht
769 4364 863 4402 ausser
887 4365 1000 4402 unserer
1018 4352 1107 4414 stelle,
1133 4366 1227 4417 wegen
1245 4354 1294 4405 des
1313 4354 1370 4402 Zu-

112 4423 211 4475 satzas:
240 4416 309 4470 uelat
335 4419 363 4467 ln
386 4419 466 4467 aciem
490 4418 564 4481 irent,
589 4419 737 4469 besonders
763 4419 816 4468 biv.
839 4416 881 4480 21,
905 4415 950 4479 32,
976 4417 1007 4469 l:
1037 4418 1175 4469 555551-
1198 4421 1369 4486 quadrato

112 4501 128 4533 a
135 4480 242 4550 pml'ne
260 4485 295 4539 aa
308 4493 397 4537 caetra
407 4485 514 4536 boatium
525 4492 636 4549 5555151,
652 4484 750 4535 nullam
760 4485 898 4535 dimicandi
910 4502 1009 4536 moram
1019 4488 1146 4550 facturus.
1163 4490 1214 4538 111.
1230 4487 1272 4551 31,
1285 4487 1327 4547 37,
1344 4489 1366 4539 1;

111 4552 201 4602 consul
219 4551 357 4617 lepionese
383 4554 475 4602 castris
500 4554 584 4604 educit
603 4562 627 4602 et
652 4553 783 4620 aparine
809 4553 977 4620 quadrato
1004 4553 1040 4604 ad
1063 4554 1158 4604 bostem
1185 4555 1262 4607 (15511.
1301 4559 1369 4608 Duas

111 4621 162 4676 der
180 4619 319 4676 ausdruck
336 4620 403 4676 auu
424 4634 477 4672 unu
503 4623 589 4675 515551
613 4624 639 4673 15
662 4623 784 4686 grossior
797 4623 851 4674 Eitc
876 4623 1094 4674 marscbircnden
1116 4624 1297 4690 Reatercorps
1317 4639 1369 4690 ge·
