2820 4964
116 179 181 245 ers
346 206 349 211 -
581 175 622 258 o.
645 175 786 241 cunru
807 176 905 243 nuri

213 346 314 413 ¹¹lnde
337 352 493 425 Praestos,
517 355 548 411 et
572 349 667 429 ipsam
691 348 793 411 lndiaa
815 352 949 430 gentem,
983 355 1161 430 perventum
1182 357 1239 415 cst.
1282 350 1370 413 Porti

117 471 210 513 canus
222 453 359 523 rexerat,
377 446 481 528 quise
503 446 634 509 munitae
651 446 721 509 urbi
739 467 809 509 cum
827 467 936 527 magna
954 466 1044 509 marm
1064 446 1262 526 popularium
1284 448 1372 511 inclu-

117 554 206 611 serat.
248 548 333 608 Hanc
353 542 525 605 Alexander
544 543 635 604 tertio
653 543 711 619 die,
733 564 823 624 quam
842 550 986 624 coeperat
1005 543 1162 619 obsidere,
1185 545 1370 624 expugnavit.

115 641 140 685 ¹²
152 646 191 706 Et
211 643 397 715 Porticanus,
422 659 514 719 quum
525 639 563 699 'in
582 659 681 701 arcem
704 642 907 720 confugisset,
929 640 1047 720 legatos
1068 639 1107 701 de
1126 640 1307 704 conditione
1327 642 1371 703 de·

116 741 237 804 ditionis
260 739 339 799 misit
358 738 396 797 ad
418 755 534 814 regem:
561 737 616 796 sed
638 742 797 818 antequam
818 737 935 798 adirent
963 758 1046 813 eum,
1075 738 1154 799 duae
1180 743 1284 800 burres
1309 759 1371 801 cunt

116 836 228 916 ingenti
251 836 372 913 fragore
392 832 598 912 prociderant,
628 852 683 919 per
705 853 832 913 quarum
859 834 961 897 ruinas
983 833 1167 895 Macedones
1191 850 1318 895 evasere
1345 836 1371 895 in

116 954 224 1009 arcem,
245 952 304 1012 qua
321 936 409 1008 capta
430 930 606 989 Porticanus
625 948 693 991 oum
714 931 819 1008 paucis
839 951 1010 1011 repugnans
1032 928 1191 991 occiditur.

198 1028 334 1089 XXXII.
376 1021 514 1085 ¹³Diruta
528 1022 619 1102 igitur
629 1042 700 1085 arce
716 1032 747 1087 et
756 1027 897 1091 omnibus
916 1027 1043 1108 captivis
1064 1026 1256 1103 venundatis,
1275 1026 1369 1089 Sambi

115 1128 195 1206 regis
213 1127 288 1185 fines
309 1123 462 1200 ingressus
485 1126 545 1193 est;
568 1121 729 1201 multisque
752 1124 873 1203 oppidis
896 1126 927 1187 in
947 1127 1038 1187 fidem
1058 1123 1208 1203 acceptis,
1229 1123 1369 1185 validissi-

115 1242 193 1284 mam
213 1217 310 1298 gentis
330 1218 435 1279 urbem
458 1217 600 1281 cuniculo
620 1219 708 1298 cepit.
748 1213 774 1257 ¹4
782 1221 920 1283 barbaris
938 1221 1037 1285 simile
1054 1218 1184 1281 monstri
1208 1220 1312 1283 visum
1331 1228 1370 1281 est

114 1319 239 1381 rudibus
260 1313 431 1375 militarium
451 1334 595 1393 operum,
623 1315 736 1396 qnippe
764 1317 794 1377 iu
820 1317 918 1379 media
942 1319 1036 1379 sermo
1059 1316 1135 1379 urbe
1162 1317 1273 1377 armati
1298 1324 1370 1378 terra

114 1414 297 1486 existebant,
318 1411 402 1472 nullo
426 1412 546 1473 suffossi
566 1430 678 1491 specus
694 1420 763 1475 ante
780 1413 909 1492 vestigio
936 1415 1028 1477 facto.
1068 1408 1269 1493 ¹⁵Octoginta
1296 1412 1369 1485 milia

113 1514 257 1575 ludorum
279 1509 310 1569 in
328 1526 365 1567 ea
380 1506 506 1585 regione
530 1529 618 1571 caesa
639 1508 808 1571 Clitarchus
830 1516 876 1571 est
901 1515 1009 1571 auctor
1032 1510 1206 1591 multosque
1237 1510 1369 1588 captivos

113 1613 171 1675 sub
191 1617 307 1670 corona
329 1604 456 1665 venisse.
499 1601 647 1669 1⁶Rursus
668 1606 814 1667 Musicani
836 1606 1019 1683 defecerunt,
1037 1606 1077 1667 ad
1097 1624 1176 1687 quos
1199 1605 1368 1684 opprimen·

114 1712 170 1772 dos
191 1706 301 1767 missus
321 1710 367 1762 est
387 1701 511 1779 Pithon,
536 1704 589 1784 qui
618 1709 737 1781 captum
767 1702 935 1781 principem
954 1702 1053 1781 gentis
1073 1703 1267 1783 eundemque
1295 1702 1369 1763 dete

115 1805 224 1869 ctionis
246 1803 400 1861 auctorem
421 1797 546 1860 adduxit
566 1799 605 1861 ad
623 1818 733 1877 regem.
761 1804 833 1880 Quo
852 1798 1026 1861 Alexander
1045 1798 1077 1859 in
1098 1818 1223 1861 crucem
1246 1797 1368 1871 sublato,

114 1919 218 1964 rursus
238 1913 364 1968 amnem,
385 1893 416 1953 in
441 1914 502 1973 qno
524 1894 657 1956 classem
677 1903 835 1974 expectare
854 1916 887 1957 se
904 1895 1040 1971 iusserat,
1062 1895 1180 1974 repetit.
1217 1914 1220 1919 ·
1328 1974 1331 1981 Ι

206 1991 231 2033 ¹⁷
240 1998 355 2072 Quarto
385 1990 492 2049 deinde
518 1990 566 2050 die
594 1991 728 2053 secundo
759 2011 847 2052 amne
877 1992 1015 2070 pervenit
1044 1992 1084 2051 ad
1110 1991 1263 2071 oppidum
1294 1990 1315 2033 *
1341 1989 1367 2049 in

113 2110 239 2172 regnum
258 2086 370 2149 Sambi.
412 2087 520 2164 Nuper
539 2105 573 2146 se
592 2086 644 2149 ille
666 2088 829 2163 dediderat,
852 2089 907 2149 sed
926 2087 1070 2167 oppidani
1089 2087 1301 2161 detrectabant
1320 2087 1366 2147 im-

112 2190 228 2270 perium
253 2191 282 2245 et
305 2183 473 2243 clauserant
494 2188 606 2265 portas.
645 2177 672 2222 ¹⁸
682 2187 821 2261 Quorum
839 2184 989 2264 paucitate
1008 2190 1191 2263 contempta,
1211 2205 1269 2247 rex
1288 2187 1366 2268 quin-

113 2292 221 2365 gentos
234 2280 384 2358 Agrianos
405 2278 524 2339 moenia
543 2279 646 2340 subire
667 2280 755 2342 iussit
776 2288 806 2342 et
827 2281 940 2343 sensim
959 2281 1136 2343 recedentes
1153 2281 1269 2344 elicere
1291 2290 1367 2343 extra

112 2399 215 2443 muros
236 2379 352 2438 hostem
373 2382 570 2455 sequuturum
592 2377 746 2454 prolecto,
773 2377 799 2438 si
821 2379 926 2457 fugere
946 2396 1001 2439 eos
1021 2377 1170 2441 crederet
1206 2374 1365 2458 ¹⁹Agriani,

112 2480 191 2540 sicut
208 2476 386 2553 imperatum
404 2478 476 2547 erat,
495 2471 637 2533 lacessito
653 2473 748 2548 hoste,
771 2474 872 2535 subito
895 2480 979 2553 terga
996 2480 1134 2550 vertunt,
1150 2493 1233 2556 qnos
1252 2473 1366 2537 barbari

112 2575 204 2635 effuse
226 2574 386 2648 sequentes
409 2567 439 2626 in
461 2567 547 2643 alios,
570 2568 648 2630 inter
667 2589 745 2650 quos
767 2571 832 2649 ipse
853 2591 907 2633 rex
928 2577 1007 2646 erat,
1027 2569 1174 2633 incidunt.-
1212 2572 1365 2635 Renovato

112 2687 186 2747 ergo
207 2664 341 2745 proelio,
369 2681 407 2723 ex
428 2663 523 2725 tribus
545 2665 664 2727 milibus
685 2666 884 2727 barbarorum
903 2666 1038 2729 sexcenti
1066 2668 1264 2745 caesi-sunt,
1292 2668 1364 2743 mille

112 2763 201 2844 capti,
222 2760 314 2822 ceteri
336 2757 493 2819 moenibus
515 2760 598 2822 urbis
619 2762 737 2825 inclusi.

195 2857 344 2918 XXXlll.
373 2850 402 2892 ²⁰
411 2856 472 2915 Sed
484 2875 545 2917 non
564 2864 598 2917 ut
617 2859 714 2936 prima
734 2859 837 2936 specie
858 2858 937 2919 laeta
953 2858 1092 2936 uictoria,
1108 2860 1152 2921 ita
1162 2870 1277 2925 eventu
1298 2882 1360 2944 quo

111 2974 169 3036 que
181 2954 252 3015 fuit:
272 2952 384 3034 qnippe
406 2952 526 3012 barbari
545 2973 662 3014 veneno
680 2953 828 3015 tinxerant
847 2954 973 3033 gladios.
1001 2957 1104 3036 ltaque
1125 2958 1224 3019 saucii
1242 2959 1364 3021 subinde

111 3051 300 3130 expirabant,
322 3069 377 3109 nec
397 3068 487 3109 causa
507 3055 568 3109 tarn
589 3056 727 3111 strenuae
746 3051 852 3113 mortis
874 3051 1039 3130 excogitari
1055 3061 1176 3131 poterat
1197 3075 1216 3117 a
1237 3056 1364 3129 medicis,

111 3167 204 3228 quum
225 3145 313 3205 etiam
332 3143 415 3203 leves
437 3144 543 3222 plagae
566 3145 746 3207 insanabiles
774 3154 882 3208 essent,
922 3140 1079 3209 ²¹Barbari
1101 3154 1202 3210 antem
1229 3170 1365 3233 sperave

178 3375 204 3438 9,
223 3374 264 3438 31,
285 3373 324 3425 11.
362 3374 538 3424 Praestos.
577 3378 623 3426 Etu
641 3378 708 3428 Volk
727 3379 776 3429 des
791 3381 906 3430 Namens
926 3379 995 3447 mird
1014 3383 1091 3430 soust
1107 3380 1182 3429 nicht
1200 3389 1364 3445 genennt.-

109 3446 323 3496 Porttcaous.
344 3442 381 3492 F.:
403 3443 547 3508 ancanua.
585 3447 670 3496 Ritter
686 3449 848 3507 vermutbet,
872 3449 936 3499 dass
956 3448 1013 3497 sein
1031 3446 1127 3497 Gebiet
1146 3448 1191 3499 die
1207 3450 1366 3503 Landscbatt

109 3515 222 3564 urnsasst
240 3512 317 3570 habe,
338 3511 423 3560 durch
447 3513 546 3561 welche
565 3514 607 3563 die
627 3528 721 3578 grosse
740 3517 845 3566 strassc
865 3516 935 3565 uach
959 3516 1019 3565 dem
1037 3515 1184 3579 Bolanpass
1203 3518 1286 3581 tuhrt,
1315 3521 1366 3570 also

109 3584 152 3644 dte
170 3580 331 3630 Landschatt
345 3592 398 3629 von
418 3580 565 3634 Larkhanu.

176 3669 199 3733 9,
219 3668 260 3731 32,
280 3667 319 3719 13.
353 3669 470 3719 Sambi.
497 3670 537 3720 1⁷.:
556 3670 626 3720 Sabi.
647 3698 675 3709 -
706 3669 729 3735 9,
751 3669 794 3732 32,
817 3669 857 3721 ll.
890 3669 1028 3722 Armati
1047 3679 1154 3723 terra.
1183 3675 1225 3725 R:
1253 3684 1367 3727 eterra.

109 3768 140 3779 -
161 3753 288 3807 specus,
315 3750 381 3800 ganz
401 3740 452 3788 wie
471 3738 495 3799 lr,
511 3734 554 3801 96,
572 3737 603 3789 8:
631 3737 783 3788 Aleaander
801 3740 935 3789 aestimato
954 3739 1067 3790 locorum
1084 3742 1143 3803 sita,
1169 3742 1216 3807 api
1236 3744 1368 3795 cuniculos

107 3809 189 3870 iussit,
214 3805 290 3871 faciti
308 3821 340 3854 ae
360 3804 409 3854 leci
425 3805 498 3855 bama
516 3806 815 3873 acceptante-occultum
833 3823 911 3874 opaea:
939 3808 1032 3875 quippe
1048 3806 1157 3859 multam
1173 3826 1285 3861 mmm
1304 3812 1368 3862 otei·

107 3894 167 3928 aum
183 3892 254 3926 mare
271 3874 369 3936 evomit,
388 3889 435 3923 aec
453 3890 521 3923 scau
539 3883 665 3941 cotesque,
683 3891 749 3941 quae
764 3874 928 3942 interpellent
944 3892 1079 3943 specus,
1097 3875 1205 3929 obstant.

175 3966 201 4028 9,
221 3965 264 4027 32,
286 3965 326 4018 17.
363 3965 524 4015 Pervenit
549 3966 622 4015 udo
654 3965 766 4031 pidum
784 3966 799 3994 ⁴*
816 3967 850 4015 in
873 3982 1006 4033 requam
1026 3967 1143 4020 Sambi.
1170 3970 1214 4019 R:
1238 3986 1315 4036 pare.
1336 3969 1370 4020 ad

108 4053 172 4102 opp,
191 4052 242 4101 qua
260 4036 311 4084 iter
327 4035 355 4084 io
372 4050 477 4098 regnum
495 3983 658 4082 eratSamdt.
677 4036 717 4083 Z.:
733 4052 758 4100 p.
776 4033 811 4084 ad
826 4050 858 4096 o.,
876 4034 945 4101 quod
959 4036 987 4084 tn
1002 4050 1108 4101 ragnum
1126 4043 1183 4085 erut
1194 4036 1293 4090 Sambi.
1322 4040 1369 4089 Die

106 4105 202 4154 bcsten
222 4104 317 4153 Codd.:
340 4120 366 4168 p.
394 4101 429 4151 ad
453 4118 484 4165 o.‚
511 4101 578 4166 qaod
601 4102 629 4149 in
651 4117 759 4166 regnum
780 4101 875 4151 Sambi.
910 4104 1137 4155 Wahrscheinlich
1157 4105 1260 4155 anehalt
1284 4106 1370 4173 quo'd

107 4173 150 4221 dic
169 4173 264 4221 letzten
287 4173 392 4234 Spuren
416 4184 468 4219 von
492 4171 554 4220 dem
573 4171 674 4219 Nomen
698 4171 747 4220 der
766 4172 852 4232 stadt,
879 4171 922 4222 dia
946 4185 1000 4222 von
1016 4172 1118 4223 Diodor
1130 4167 1298 4242 ‘Appatlloa
1317 4189 1368 4239 ge-

106 4243 191 4295 nennt
207 4240 281 4289 wind.
298 4265 326 4275 -
349 4236 467 4287 Surnbt.
487 4238 528 4288 F.:
548 4237 626 4287 Sami.
640 4264 671 4272 -
693 4234 716 4299 9,
730 4235 772 4302 bl,
787 4236 827 4288 18.
845 4237 963 4289 lussit.
985 4239 1028 4290 R:
1047 4239 1210 4289 inarserat-
1234 4206 1258 4305 d,
1273 4238 1367 4305 3219.

106 4306 126 4353 S
132 4306 276 4354 escalata
300 4306 344 4354 F.:
365 4305 501 4370 quingenti.

174 4395 200 4455 9,
220 4394 264 4457 33,
282 4395 321 4446 ab.
359 4395 416 4446 lta
433 4413 561 4463 qaoque
585 4397 634 4446 mit
653 4397 740 4458 Bezug
760 4396 807 4445 aul
823 4396 867 4447 ein
885 4397 1114 4462 voranigchendee
1131 4404 1162 4447 ut
1180 4398 1249 4449 odor
1267 4416 1321 4451 noa
1340 4407 1367 4449 ut

107 4466 142 4515 ist
158 4466 184 4513 in
202 4466 252 4515 der
272 4468 381 4526 spatam
397 4467 523 4515 Latinitat
544 4465 618 4515 nicht
643 4465 734 4514 salton.
770 4465 806 4513 So
825 4465 879 4514 Liv.
895 4461 919 4527 9,
941 4463 981 4529 17,
998 4462 1030 4515 4:
1056 4464 1230 4515 eae-sicat
1254 4466 1290 4517 ab
1309 4466 1367 4518 aliis

105 4529 205 4607 regibus
221 4530 393 4597 gestibusque,
420 4533 469 4583 itu
486 4531 519 4584 ab
543 4531 592 4583 boc
611 4547 739 4598 quoque
761 4529 842 4596 facile
864 4539 1002 4598 proettm
1019 4532 1143 4585 invictam
1161 4549 1300 4587 romanum
1317 4536 1366 4587 iar·

103 4613 210 4665 pemm.
1058 4621 1062 4627 ·
