2820 4964
94 183 155 247 1⁶4
558 177 595 256 o,
630 173 770 235 cunrn
790 172 887 235 num

95 350 236 413 militibus
256 349 286 408 in
308 345 457 407 vestibulo
480 345 623 424 praetorii
642 345 774 419 aderant,
797 343 915 405 titulum
938 338 1092 402 sollemnis
1114 339 1207 401 officii
1233 341 1358 403 occulto

95 448 204 511 sceleri
225 446 438 524 praeferentes.
482 444 616 517 Dareus,
645 443 732 520 signo
755 441 793 499 ad
815 441 945 501 eundum
965 438 1051 512 dato,
1082 457 1204 498 currum
1229 437 1358 515 pristino

96 564 180 607 more
193 540 378 604 conscendit.
420 533 445 575 ¹³
452 539 645 599 Nabarzanes
658 538 812 617 ceterique
823 536 991 614 parricidae
1010 533 1245 612 procumbentes
1267 536 1357 611 humi,

97 639 288 723 quempaulo
310 643 380 716 post
401 637 429 696 in
452 635 579 695 vinculis
597 634 726 695 habituri
749 638 841 709 erant,
864 632 1033 693 sustinuere
1055 631 1200 706 venerari,
1219 631 1356 693 lacrimas

96 740 200 811 etim,
222 732 423 814 poenitentiae
448 731 577 803 indices,
601 731 818 809 profuderunt:
849 731 926 790 adeo
950 727 1085 788 humanis
1107 728 1235 806 ingeniis
1254 738 1356 807 parata

95 832 246 895 simulatio
275 836 329 892 est.
369 821 509 889 ¹⁴Preces
543 828 651 887 deinde
679 825 856 906 suppliciter
883 827 1037 899 admotae,
1072 826 1220 901 Dareum,
1252 832 1356 887 uatrna

95 929 262 1008 simplicem
275 932 304 985 et
316 926 425 999 mitem,
444 944 507 985 non
519 925 644 985 credere
663 924 764 997 modo,
786 942 862 1003 quae
883 913 1080 996 aldirnabant,
1100 921 1156 982 sed
1174 923 1250 983 llere
1270 923 1353 984 etiarn

96 1029 268 1106 coegerunt.
307 1016 386 1080 ¹⁵Ac
406 1040 443 1080 ne
468 1027 532 1080 tum
555 1019 675 1099 quidem
704 1020 826 1097 cogitati
851 1016 975 1080 sceleris
1000 1017 1164 1096 poenituit,
1196 1037 1291 1097 quum
1314 1019 1353 1079 in-

96 1132 266 1193 tuerentur,
296 1118 414 1198 qualem
439 1122 468 1175 et
494 1135 596 1194 regem
626 1122 656 1175 et
672 1115 770 1175 virum
790 1115 936 1175 fallerent.
979 1114 1033 1175 llle
1063 1114 1202 1195 quidem,
1231 1136 1352 1177 securus

95 1216 238 1298 periculi,
260 1214 341 1294 quod
365 1212 507 1286 instabat,
531 1210 696 1271 Alexandri
716 1231 838 1288 manuS,
867 1232 941 1292 quas
960 1211 1042 1273 solas
1062 1211 1200 1285 timebat,
1227 1212 1353 1292 effugere

97 1312 289 1473 Pmpsslg}
318 1399 487 1466 l¹³¹Patron
506 1412 613 1481 autem,
637 1407 823 1466 Graecorum
846 1404 923 1481 drrx,
943 1405 1090 1486 praecipit
1109 1394 1189 1481 silis,
1212 1413 1248 1467 ut
1266 1426 1351 1481 arma,

96 1526 173 1588 quae
195 1506 227 1565 in
246 1503 372 1565 sarcinis
397 1509 484 1563 antea
505 1504 692 1577 ferebantur,
715 1503 888 1576 induerent,
908 1502 947 1563 ad
968 1522 1057 1563 omne
1084 1503 1244 1582 imperium
1271 1524 1351 1567 suum

94 1603 190 1684 parati
212 1607 241 1661 et
264 1600 376 1661 intenti.
429 1594 659 1678 21psecurr1im
682 1599 763 1678 regis
786 1599 982 1679 sequebatur,
1013 1599 1167 1660 occasioni
1200 1601 1352 1665 imminens

95 1697 267 1779 alloquendi
294 1716 377 1757 eum:
406 1696 518 1775 quippe
547 1697 633 1757 Bessi
663 1696 778 1756 lacinus
803 1701 1020 1773 praesenserat
1069 1696 1130 1757 Sed
1158 1698 1292 1775 Bessus,
1325 1699 1352 1761 id

95 1798 195 1875 ipsum
219 1800 369 1867 metuens,
405 1798 508 1852 custos
535 1793 651 1867 verbra,
682 1812 770 1872 qnam
792 1810 912 1868 comeS,
944 1812 1076 1889 acurrp
1093 1812 1156 1881 npn
1186 1794 1351 1857 recedebat.

93 1890 171 1953 ³Diu
193 1910 267 1969 ergo
294 1892 405 1951 Patron
427 1894 585 1950 cunctatus
620 1909 657 1949 ao
675 1888 795 1966 saepius
816 1906 955 1949 sermone
982 1866 1126 1951 diluite
1161 1889 1243 1951 iuter
1267 1891 1350 1951 fidem

95 1990 292 2066 timoremque
304 1985 452 2047 haesitans
463 2005 566 2064 regem
578 1985 757 2046 intuebatur.
793 1977 876 2060 tout
898 1991 932 2045 nt
951 1986 1070 2047 tandem
1088 1986 1219 2049 advertit
1239 1988 1350 2063 ocula,

94 2085 237 2145 Bubacen
257 2084 432 2161 spadonem,
452 2081 531 2142 inter
549 2081 705 2160 proximos
726 2100 848 2141 currum
869 2088 1051 2161 sequentem,
1072 2085 1246 2161 percontari
1266 2085 1351 2161 iubet

93 2180 238 2259 numquid
261 2180 319 2255 ipsi
340 2179 411 2238 velit
433 2179 542 2239 dicere.
587 2179 706 2251 Patron,
727 2196 760 2237 se
783 2198 871 2254 vero,
893 2179 949 2239 sed
959 2166 1091 2241 'remotis
1113 2180 1251 2257 arbitris,
1272 2182 1351 2263 loqui

93 2277 171 2338 velle
193 2295 262 2336 cum
284 2294 321 2336 eo
352 2275 515 2353 respondit.
558 2277 720 2354 Iussusque
746 2275 873 2352 propius
905 2275 1065 2352 accedere,
1091 2277 1156 2337 sine
1182 2276 1350 2357 interprete,

92 2394 160 2436 nam
181 2371 259 2433 haud
280 2370 364 2431 rudis
384 2389 510 2447 graecae
530 2369 650 2449 linguae
673 2373 791 2432 Dareus
812 2378 885 2449 erat,
934 2366 1035 2451 ⁵Ilex,
1057 2373 1167 2455 inquit,
1187 2394 1229 2435 ca
1252 2376 1283 2435 L
1300 2377 1351 2435 mi

94 2625 126 2674 tit
143 2623 337 2690 Eurydicenque
357 2639 429 2673 suam
446 2624 512 2672 iam
541 2623 613 2672 luce
639 2622 696 2672 sul
719 2625 796 2692 ipsa
816 2624 957 2685 lrnmamor,
978 2624 1032 2689 beu,
1060 2624 1192 2691 elataque
1212 2627 1294 2678 aniam
1310 2644 1349 2677 re-

92 2692 183 2759 sperit.
212 2693 319 2742 Endlich
340 2692 414 2742 dient
429 2690 474 2740 rut
491 2693 559 2741 anch
579 2692 707 2742 zrnveilen
729 2708 776 2742 zur
789 2693 897 2757 lngabe
916 2695 968 2750 des
984 2694 1165 2756 Zeitpunktes,
1185 2697 1273 2747 nach
1289 2698 1349 2749 wel-

94 2762 170 2811 chem
196 2760 367 2810 unmittelbar
389 2761 431 2810 ein
458 2760 591 2823 Ereigniss
618 2774 651 2810 zu
677 2764 768 2811 setzen
797 2763 838 2812 ist.
871 2763 896 2811 S.
918 2763 990 2825 Virg.
1011 2764 1104 2825 Georg.
1132 2760 1156 2824 1,
1175 2759 1242 2814 34οε
1270 2779 1349 2815 aum

91 2844 199 2894 mopnac
215 2828 300 2876 Sacra
318 2828 387 2891 refer
407 2826 495 2876 Cereri
516 2826 589 2877 lactis
603 2836 723 2894 operatus
741 2829 769 2877 in
786 2827 868 2877 berlir
888 2828 1029 2879 Ectrernae
1045 2828 1103 2878 aul
1128 2846 1213 2880 caru
1237 2831 1349 2883 biensis

91 2897 155 2945 iam
179 2911 256 2944 aere
274 2911 406 2957 sereno,
431 2910 474 2945 wo
492 2896 597 2946 Andere
616 2894 661 2945 sub
682 2912 769 2945 carum
786 2899 866 2948 lesen.
886 2924 918 2933 —
946 2904 976 2945 et
1000 2896 1230 2951 Nabarzanes.
1264 2901 1350 2953 Biaher

92 2964 171 3014 fehlte
197 2971 238 3023 et;
272 2977 300 3013 es
324 2965 371 3013 solt
399 2964 517 3013 heissen:
551 2965 599 3013 mit
623 2965 675 3014 den
700 2966 802 3017 andern
827 2967 942 3015 Grossen
976 2966 1024 3016 des
1050 2966 1163 3016 lieiclres
1187 2968 1252 3019 kam
1287 2968 1349 3019 auch

92 3034 131 3090 Ν.,
159 3045 205 3080 um
222 3031 290 3079 noch
310 3029 519 3092 hergebrachter
536 3033 625 3081 Weise
648 3034 709 3081 dem
730 3034 830 3096 Konige
856 3047 900 3081 am
919 3034 1026 3097 Morgen
1050 3035 1126 3084 seina
1143 3035 1304 3100 Veralrrung
1320 3049 1348 3087 zu

93 3099 230 3148 erweisen.
252 3123 279 3132 -
303 3096 744 3161 aderant-praeferentes.
773 3101 815 3149 F.:
833 3099 1128 3167 aderat—praeserere.
1170 3103 1259 3169 Vergl.
1279 3102 1347 3161 aud,

93 3161 135 3224 16,
153 3162 195 3213 30.
219 3189 250 3199 -
276 3161 426 3222 titulum,
455 3165 506 3212 wie
525 3163 552 3221 7,
573 3162 616 3222 22,
636 3163 682 3213 20:
710 3165 837 3215 titulus
861 3168 976 3230 facinori
998 3168 1125 3234 speciatur
1145 3170 1346 3235 moderebatur.

91 3231 183 3281 lustin.
201 3228 227 3288 5,
248 3227 271 3289 1,
289 3226 321 3278 8:
341 3237 364 3277 et
385 3236 442 3278 erat
458 3228 499 3278 bic
515 3230 614 3295 quidem
630 3231 757 3281 titulus
774 3251 830 3284 cum
852 3235 958 3286 Graccis
978 3236 1099 3287 coeundi:
1118 3253 1154 3287 re
1170 3238 1260 3289 autern
1275 3253 1348 3289 aera

93 3295 206 3358 timebat,
226 3313 258 3344 ue
268 3325 306 3345 -.
1020 3318 1024 3327 ·

160 3385 247 3450 5,29,
267 3385 308 3438 13.
343 3386 501 3437 Humanis
526 3388 680 3455 iupeniis.
717 3393 741 3441 S.
760 3406 793 3441 zu
813 3391 837 3456 7,
859 3391 941 3455 3118.
963 3422 992 3432 -
1021 3394 1045 3459 5,
1065 3392 1107 3457 39,
1127 3394 1169 3447 15.
1201 3398 1347 3451 Securus

90 3455 256 3522 periculi,
275 3458 327 3506 wie
345 3454 372 3515 9,
388 3451 428 3515 31,
445 3451 475 3507 8:
497 3457 610 3506 securi
630 3474 728 3507 carus
749 3460 808 3522 eius,
830 3462 873 3526 qui
888 3463 1031 3530 sraperaenit
1050 3463 1156 3530 ipnaria
1189 3468 1277 3519 Tacit.
1295 3480 1346 3519 ann.

92 3523 116 3586 3,
136 3520 181 3572 dl:
201 3523 288 3572 aridos
303 3521 477 3590 periculorum
496 3532 521 3573 et
540 3524 720 3576 dedecoris
738 3544 885 3578 securos.

159 3610 183 3676 5,
202 3611 282 3676 30,1.
320 3613 505 3681 Praecipit.
537 3616 736 3684 F.:proecepit.
759 3646 787 3656 -
815 3620 1031 3671 insarcinir.
1068 3623 1121 3673 Dcr
1139 3624 1238 3675 sordet
1260 3626 1347 3691 pflagle

91 3681 165 3731 nicht
188 3682 216 3731 in
238 3683 321 3732 valler
338 3683 508 3748 Bewallnung
531 3699 563 3735 zu
583 3687 756 3747 marschiren,
782 3688 899 3739 sondern
921 3692 963 3740 ein
987 3691 1058 3741 Theti
1083 3691 1131 3741 der
1148 3691 1256 3744 Wallen
1282 3692 1347 3745 ward

92 3752 170 3799 nnter
195 3750 256 3800 dem
274 3751 380 3814 Gepa'ck
400 3754 533 3814 getragen.
571 3754 655 3817 Vergl.
674 3756 727 3804 Liv.
747 3752 786 3815 10,
807 3753 849 3818 20,
870 3755 908 3807 ll.
932 3756 976 3807 12:
1003 3758 1204 3809 Samnitium
1229 3774 1345 3829 apaten,

88 3824 270 3884 praeterquam
289 3817 377 3868 hostili
393 3816 510 3880 tumultu,
535 3821 694 3887 captivomem
718 3822 794 3872 etiam
815 3825 949 3890 repentina
967 3824 1107 3889 defectione
1126 3824 1262 3879 curtatum
1283 3834 1347 3879 erait

90 3886 134 3951 qui
152 3886 249 3952 purtim
270 3885 320 3952 ipsi
340 3885 418 3936 soluti
440 3887 538 3937 vinctos
557 3888 695 3953 solvebant,
721 3890 820 3956 partim
845 3908 937 3943 arma
960 3893 995 3942 in
1013 3894 1167 3945 sarcinis
1193 3894 1346 3965 delipata

90 3953 232 4021 rapiebant.

157 4041 183 4105 5,
202 4043 245 4104 30,
263 4040 286 4093 3.
321 4044 501 4097 devocata.
538 4049 630 4098 tndem
651 4063 681 4099 er
699 4050 756 4111 das,
782 4065 839 4102 was
860 4066 890 4102 er
914 4066 997 4118 segen
1017 4055 1113 4117 wollte,
1137 4055 1236 4107 immer
1252 4058 1346 4109 wieder

91 4112 234 4177 uberlegte,
260 4112 343 4163 daran
363 4113 483 4165 anderte.
515 4113 664 4177 Recreatus,
693 4131 750 4167 was
773 4120 817 4169 die
834 4120 916 4171 Codd.
947 4122 1002 4172 und
1025 4124 1051 4173 Z.
1076 4121 1176 4183 haben,
1205 4126 1280 4187 kann
1302 4134 1346 4175 nur

89 4179 196 4230 heissen
219 4182 371 4231 entweder:
405 4182 533 4243 dedurclr,
563 4183 626 4233 dass
650 4185 755 4236 Andere
776 4187 822 4237 ihn
848 4189 875 4237 in
903 4190 946 4238 ein
972 4190 1107 4253 Gespre'ctr
1132 4205 1166 4240 zu
1188 4192 1345 4245 narwickeln

89 4248 211 4303 suchten,
227 4249 309 4297 oder:
330 4248 457 4310 dedureh,
477 4249 540 4299 dass
553 4251 659 4301 ludere
676 4253 778 4317 zulellig
798 4255 840 4305 ihn
862 4255 946 4306 durch
967 4258 1025 4307 ihre
1038 4258 1231 4325 Unterhaltun'g
1251 4276 1286 4313 en
1305 4260 1346 4313 der

90 4314 258 4378 Austdhrung
276 4317 363 4367 seinos
380 4317 474 4366 Plenas
491 4317 640 4367 hinderten.
678 4321 772 4372 Beides
797 4324 832 4373 ist
854 4322 1018 4387 hedenklich,
1044 4326 1077 4376 de
1102 4327 1147 4378 die
1167 4328 1290 4395 Stellung
1304 4330 1345 4393 je-

91 4394 139 4431 ner
153 4383 245 4432 Worte
262 4384 395 4434 zwischen
418 4391 551 4432 ueneratur
569 4387 624 4434 und
643 4385 711 4435 iuter
726 4387 800 4451 fidem
820 4388 981 4457 timorauque
999 4391 1129 4443 haesitant
1147 4396 1210 4447 cina
1228 4398 1290 4449 rein
1305 4398 1345 4447 in-

88 4451 207 4501 nerliehe
227 4450 376 4515 Beziehung
392 4452 534 4503 derselben
557 4468 589 4502 zu
608 4454 715 4504 lordern
733 4457 845 4508 scheint.

155 4533 181 4593 5,
199 4535 240 4597 30,
260 4536 285 4587 d.
322 4539 402 4606 lpai.
424 4543 465 4591 F.:
480 4543 541 4608 ipre.
563 4571 590 4579 —
611 4543 637 4604 5,
655 4543 695 4607 30,
714 4545 736 4596 5.
757 4547 778 4596 L
799 4548 945 4601 mililua.
981 4554 1059 4604 Zwer
1082 4553 1143 4603 sind
1165 4552 1212 4605 bol
1236 4550 1345 4617 (1.3,1ι

88 4599 108 4653 a
126 4615 178 4653 nur
193 4602 278 4655 30000
295 4609 461 4670 griechiscbe
478 4613 592 4663 Soldner
611 4613 770 4676 autgozeblt:
803 4618 878 4669 ellein
905 4620 967 4669 dort
988 4622 1048 4671 sind
1065 4634 1117 4671 nur
1139 4620 1186 4673 die
1202 4622 1345 4676 verbera·
