2820 4964
108 182 150 248 or
289 220 298 227 -
577 178 777 261 occurri
795 179 894 245 auur

109 372 177 415 sum
191 348 347 412 evaserant
366 347 430 428 alii)
453 348 637 411 exanimatus
658 355 713 414 est.
767 345 898 412 tamesi
918 350 984 413 eius
1004 346 1155 419 desiderio
1169 352 1364 416 uehemehen

109 450 238 512 afflictus
260 455 314 522 est,
333 447 547 526 repertumque
566 465 678 525 corpus
699 445 860 526 magnifico
884 445 990 507 extulit
1008 447 1123 510 funere.

193 544 338 607 Oneravit
356 544 435 604 hunc
455 541 592 604 dolorem
610 542 733 604 nuntius
752 541 859 603 mortis
870 540 1083 621 Andromachi,
1104 563 1194 625 quem
1214 549 1371 627 praefece-

109 650 156 705 rat
176 641 299 722 Syriae:
324 640 424 701 vivum
445 639 610 701 Samaritae
630 645 843 701 cremaverant.
883 632 911 677 ¹⁰
918 637 968 700 Ad
989 640 1076 704 cuius
1098 641 1254 705 interitum
1274 645 1370 707 vindi-

108 740 244 815 candum,
265 744 375 819 quanta
393 736 521 796 maxima
541 735 692 797 celeritate
714 735 821 817 potuit,
845 736 1014 798 contendit:
1046 737 1279 819 advenientique
1300 749 1369 803 sunt

108 836 208 899 traditi
218 833 291 897 tanti
303 833 426 896 sceleris
441 839 592 894 auctores.
630 831 873 893 ¹¹Andromacho
896 832 1003 894 deinde
1023 835 1186 897 Memnona
1205 837 1366 914 substituit,

64 997 66 1001 ,
108 934 221 996 affectis
240 929 406 1010 supplicio,
429 928 479 1010 qui
499 936 669 1007 praetorem
690 929 911 991 interemerant.
953 930 1133 1009 Tyrannos,
1149 931 1290 1014 interque
1313 954 1365 996 eos

108 1032 386 1110 Methymnaeorum
405 1025 610 1087 Aristonicum
631 1036 661 1087 et
682 1024 898 1104 chrysolaum,
920 1025 1117 1105 popularibus
1137 1027 1201 1090 suis
1230 1030 1361 1091 tradidit:

107 1146 186 1208 quos
209 1123 253 1185 illi
273 1123 313 1184 ob
334 1121 458 1183 iniurias
480 1128 577 1184 tortos
597 1127 789 1184 necaverunt.
989 1160 993 1165 -
1318 1170 1323 1179 .

180 1216 438 1281 ¹²Atheuiensium
458 1217 573 1294 deinde,
594 1217 781 1279 Rhodiorum
802 1221 832 1278 et
851 1216 997 1285 Chiorum
1015 1216 1134 1298 legatos
1151 1221 1247 1286 audit.
1278 1222 1363 1286 Athe·

107 1319 226 1381 nienses
236 1314 392 1377 victoriam
402 1315 634 1394 gratulabantur,
656 1322 694 1390 et,
713 1320 748 1375 ut
768 1313 879 1393 captivi
889 1315 1077 1377 Graecorum
1091 1316 1155 1379 suis
1174 1319 1363 1383 restitueren-

95 1424 165 1492 tur,
184 1412 453 1476 orabant:·Rhodii
473 1417 504 1473 et
524 1411 591 1472 Chii
611 1411 647 1472 de
669 1410 821 1489 praesidio
844 1412 1052 1492 querebantur.
1093 1407 1240 1478 ¹³0mnes
1272 1439 1364 1501 aequa

107 1512 279 1574 desiderare
298 1509 363 1585 visi,
380 1509 622 1589 impetraverunt.
659 1506 845 1586 Mitylenaeis
866 1528 995 1590 quoque,
1014 1508 1055 1570 ob
1076 1512 1230 1590 egregiam
1250 1515 1282 1575 in
1299 1536 1363 1596 par-

106 1617 152 1671 tes
164 1609 263 1684 fidem,
282 1613 312 1668 et
325 1606 491 1686 pecuniam,
513 1604 642 1686 quamin
657 1603 770 1664 bellum
781 1605 996 1684 impenderant,
1017 1606 1148 1668 reddidit
1178 1614 1210 1670 et
1227 1630 1363 1692 magnam

106 1706 261 1785 regionem
282 1703 391 1764 linibus
411 1703 529 1765 adiecit.
572 1696 596 1741 ¹⁴
604 1700 789 1779 Cypriorum
807 1721 928 1782 quoque
945 1701 1083 1781 regibus,
1104 1704 1157 1785 qui
1178 1711 1210 1767 et
1225 1727 1245 1768 a
1264 1710 1364 1770 Dareo

107 1803 277 1863 defecerant
291 1800 330 1861 ad
349 1799 448 1879 ipsum
478 1805 508 1860 et
526 1796 713 1877 oppugnanti
725 1797 840 1876 Tyrum
858 1798 1001 1873 miserant
1021 1799 1157 1879 classem,
1178 1822 1238 1883 pro
1258 1807 1363 1868 merito

105 1900 203 1961 honos
218 1897 337 1958 habitus
357 1901 413 1956 est.
1063 1886 1066 1890 ’

175 1990 199 2033 ¹⁵
206 1995 410 2074 Amphoterus
428 1991 546 2067 deinde,
565 1989 670 2052 classis
690 1991 871 2069 praefectus,
891 1992 930 2052 ad
949 1991 1135 2055 liberandam
1152 1994 1279 2059 Cretam
1297 1999 1364 2060 mis·

106 2111 172 2168 sus,
194 2092 336 2170 (namque
359 2095 388 2152 et
404 2091 564 2150 Persarum
585 2095 615 2150 et
634 2088 850 2166 Spartanorum
867 2088 956 2150 armis
979 2088 1124 2171 pleraque
1153 2092 1219 2155 eins
1248 2093 1362 2157 insulae

105 2187 334 2263 obsidebantur)
357 2191 425 2246 ante
448 2185 548 2246 omnia
573 2203 655 2245 mare
683 2203 701 2244 a
728 2181 862 2262 piraticis
891 2184 1036 2248 classibus
1066 2187 1220 2252 vindicare
1249 2181 1361 2254 iussus:

106 2283 218 2367 quippe
240 2281 404 2342 obnoxium
423 2280 628 2371 praedonibus
654 2285 732 2356 erat,
760 2281 791 2340 in
812 2281 926 2343 bellum
945 2287 1075 2364 utroque
1102 2303 1175 2364 rege
1203 2307 1361 2351 converso.

105 2376 194 2442 ¹⁶llis
216 2377 408 2459 compositis,
426 2372 548 2441 Herculi
570 2376 650 2455 tyrio
672 2396 709 2437 ex
729 2396 804 2437 auro
832 2383 979 2440 crateram
1006 2400 1075 2441 cum
1105 2382 1229 2463 triginta
1252 2385 1362 2464 pateris

106 2477 230 2539 dicavit:
254 2476 470 2554 imminensque
491 2476 593 2534 Dareo
614 2473 802 2551 pronuntiari
824 2473 882 2535 iter
901 2476 939 2535 ad
959 2477 1133 2557 Euphraten
1154 2479 1251 2544 iussit.

187 2573 327 2633 XXXV.
367 2566 468 2631 heht
488 2572 613 2644 Dareus,
636 2589 729 2649 quum
747 2569 888 2650 Aegypto
911 2573 1074 2635 devertisse
1095 2573 1127 2634 in
1146 2575 1285 2640 Africam
1312 2581 1362 2642 ho

105 2676 181 2733 stein
204 2668 410 2750 comperisset,
434 2665 627 2741 dubitaverat,
650 2670 788 2727 utrumne
808 2669 889 2728 circa
906 2670 1155 2749 Mesopotamiam
1176 2673 1362 2752 subsisteret,

104 2786 143 2829 an
160 2767 304 2828 interiora
326 2765 411 2844 regni
429 2762 475 2826 sui
493 2767 625 2842 peteret,
645 2761 725 2823 hand
747 2762 837 2824 dubie
859 2765 1013 2841 potentior
1031 2772 1137 2828 auctor
1157 2787 1306 2848 praesens
1321 2773 1363 2833 fu-

104 2871 190 2926 turus
212 2862 324 2924 ultimis
343 2862 481 2940 gentibus
501 2860 626 2939 impigre
647 2858 761 2920 bellum
782 2861 974 2939 capessendi,
995 2880 1071 2943 quas
1088 2881 1179 2945 aegre
1199 2886 1258 2947 per
1277 2857 1370 2947 praes

105 2963 200 3022 sectos
225 2979 298 3021 suos
325 2958 513 3019 moliebatur.
568 2951 652 3018 ²Sed
688 2963 721 3018 ut
756 2955 873 3018 idoneis
903 2958 1077 3020 auctoribus
1109 2961 1189 3022 tama
1220 2962 1362 3044 vulgavit,

1402 3072 1404 3151 l

175 3184 203 3250 4,
220 3186 264 3250 34,
282 3186 307 3240 9.
345 3186 476 3237 Amissi.
503 3189 542 3237 F.:
560 3203 609 3236 rea
629 3186 722 3236 amisa.
755 3189 839 3252 Vergl.
864 3204 897 3240 zu
914 3186 938 3252 4,
958 3187 999 3252 99,
1019 3188 1043 3243 9.
1072 3219 1101 3229 -
1131 3194 1292 3245 oneravit
1314 3197 1361 3245 mii

105 3258 270 3309 abstractam
290 3256 392 3319 Object,
415 3257 465 3305 wie
483 3257 535 3306 [ἰν.
554 3253 597 3315 31,
618 3253 659 3315 15,
680 3253 712 3305 2:
732 3253 901 3306 multitudinis
911 3259 1083 3309 maeototioae
1098 3260 1235 3312 inamodica
1251 3262 1360 3330 pado-

104 3342 171 3376 rem
190 3324 376 3376 onerantis.
414 3323 453 3373 lh.
473 3321 497 3385 5,
516 3321 558 3383 39,
580 3321 626 3374 13:
650 3339 698 3372 occ
713 3321 752 3371 his
771 3324 926 3390 corporibus,
945 3325 1034 3392 quidus
1051 3343 1102 3377 aon
1120 3344 1197 3378 arana
1212 3331 1295 3394 ferre,
1312 3346 1361 3380 aaa

103 3394 172 3509 §aeri
180 3395 294 3510 patriffln
304 3399 534 3511 goszmgzozera
544 3399 634 3441 turos
653 3391 767 3458 inopiam
785 3400 950 3445 armatomm.
972 3395 1056 3460 Vergh
1069 3397 1095 3446 C.
1108 3391 1132 3459 4,
1145 3393 1187 3460 49,
1198 3395 1240 3449 99.
1250 3426 1280 3436 -
1290 3397 1359 3449 Aa·

127 3478 236 3512 romae
266 3478 282 3511 a.
328 3499 333 3509 .
371 3496 379 3520 ,
417 3470 441 3521 ⁸,
477 3497 484 3511 .

171 3549 198 3613 4,
216 3548 259 3611 34,
281 3550 320 3602 11.
357 3549 521 3614 Affectio.
546 3549 763 3616 Z:offectisque.
783 3579 815 3587 -
839 3552 993 3618 interque
1013 3567 1073 3604 eoa.
1100 3554 1141 3605 lit
1160 3555 1230 3605 inter
1250 3572 1302 3608 coa.
1320 3560 1361 3610 Ζ..·

103 3622 299 3686 int'erqaos.
332 3622 357 3668 S.
378 3621 491 3682 Epitom.
508 3620 562 3668 Liv.
580 3615 628 3668 80:
660 3617 1222 3673 0400114110οοωιιίιοοοίωοιοιηκὸὂω
1238 3624 1361 3677 adamae

102 3689 187 3757 partis
208 3686 333 3738 nobilibus
360 3686 504 3748 trucidatis,
528 3686 619 3735 inter
641 3701 719 3751 quos
743 3685 779 3735 M.
796 3685 909 3736 Antonio
934 3685 1134 3755 eloquentissimo
1156 3691 1214 3739 ciro
1237 3690 1270 3743 L.
1291 3701 1318 3743 at
1334 3691 1361 3745 C.

106 3756 225 3808 Caesare.
246 3758 272 3806 C.
294 3752 317 3815 8,
336 3753 379 3816 23,
398 3753 445 3804 27:
463 3752 565 3804 sceleris
580 3760 705 3817 auctores,
723 3754 887 3821 interque
908 3771 960 3805 eor
982 3752 1168 3821 Callisthenem,
1193 3758 1295 3809 cinctae
1315 3776 1360 3811 a·

102 3825 203 3877 amori
219 3822 295 3874 iubet.
318 3851 346 3860 -
369 3821 436 3873 illi.
458 3824 497 3874 F.:
513 3820 555 3872 illi
572 3839 586 3871 e
603 3821 691 3871 mutis.

171 3915 197 3978 4,
217 3912 257 3977 34,
281 3912 320 3965 12.
353 3913 569 3966 Rhodiorum.
602 3916 643 3965 F.:
670 3912 881 3978 Rbodioaarmqate.
912 3915 936 3964 S.
956 3910 1030 3974 2113,
1046 3912 1091 3977 33,
1111 3912 1146 3967 97
1171 3931 1196 3981 p.
1216 3914 1260 3970 54.
1284 3945 1314 3956 -
1333 3915 1360 3979 4,

103 3984 197 4049 34,13.
225 3983 396 4034 Reddidit.
415 3984 456 4034 F.:
474 3981 570 4032 obsides
587 3981 704 4032 reddidit.
718 4009 750 4016 -
761 3980 897 4044 finitas.
917 3981 957 4032 F.:
975 3978 1067 4045 finibus
1084 4000 1178 4034 mm.
1190 4011 1220 4023 -
1235 3981 1360 4050 4,34,16.

102 4054 154 4111 Ec
174 4068 265 4104 caro.
286 4053 312 4102 S.
331 4067 364 4102 zu
382 4048 405 4112 3,
425 4048 450 4113 8,
472 4048 510 4101 18.
527 4077 555 4087 -
579 4053 633 4102 hus
650 4052 706 4101 hrr.
726 4046 752 4111 3,
764 4047 788 4110 6,
810 4047 823 4098 1
843 4049 905 4113 geht
921 4049 1030 4110 hervor,
1057 4052 1120 4103 dass
1135 4053 1286 4105 Alexander
1303 4055 1360 4106 sloh

102 4124 172 4174 nach
188 4124 278 4174 seiner
296 4119 436 4171 Rhckkehr
454 4133 503 4170 aus
519 4120 664 4183 Aegypten,
686 4117 785 4168 welche
803 4117 840 4166 im
859 4117 980 4182 Frtthling
995 4120 1065 4168 Statt
1083 4119 1155 4179 land,
1180 4121 1222 4171 lan
1241 4135 1290 4173 are
1304 4123 1361 4173 Zeit

102 4191 130 4239 in
147 4192 233 4254 Tyrus
253 4189 419 4252 aulgehalten
437 4187 513 4239 hebo.
535 4213 564 4224 ·-
590 4187 659 4237 iter
681 4184 722 4234 od
737 4182 951 4251 Euphraten.
983 4185 1067 4251 Vergl.
1092 4182 1118 4246 6,
1136 4184 1180 4250 31,
1202 4134 1250 4240 14:
1271 4205 1360 4256 praa

102 4257 262 4307 nuntiari
280 4254 368 4305 deinde
383 4255 452 4304 iter
468 4255 497 4304 in
508 4261 638 4320 posterum
654 4251 729 4304 iubet.
754 4248 781 4312 4,
800 4249 844 4312 39,
866 4250 889 4302 1.
910 4250 936 4314 7,
958 4251 1000 4314 11,
1018 4252 1041 4306 1.

170 4345 197 4407 4,
207 4345 248 4407 35,
258 4345 282 4397 1.
302 4345 466 4412 Aegypto.
485 4346 526 4396 F.:
547 4343 579 4394 ab
590 4342 714 4410 Aegypto.
733 4339 1303 4407 Vergl.zuC.4,1S,7.-deuertisse.F.:
1316 4346 1360 4396 di-

102 4413 263 4493 cntieaa-
281 4422 410 4492 auctor.
429 4416 454 4464 S.
476 4409 903 4493 s,hn‚4.crc.hit.e,11:qar
921 4418 947 4460 et
963 4410 1027 4462 illi
1042 4429 1140 4480 seraper
1159 4419 1184 4461 at
1200 4415 1359 4474 senatui,

102 4488 509 4613 thtlttt't‘trtttt
528 4487 656 4611 tttt?
670 4480 771 4600 lt}
788 4477 1002 4611 rihtara
1018 4483 1059 4600 air·
1074 4476 1359 4613 9414119111

102 4613 183 4666 ledes
207 4616 454 4667 Missvarstdndniss
479 4615 548 4667 uber
571 4618 615 4667 dle
639 4616 828 4665 construction
855 4616 923 4666 wtrd
946 4616 1097 4681 unmoglich
1123 4616 1210 4668 druch
1237 4617 1313 4671 cara
1326 4615 1358 4677 -8,
