2820 4964
220 219 273 284 IV.
294 216 377 284 LXI.
399 210 1137 284 11415.1Χ11.-·16-16.-1111111.-’16-30.
1248 212 1308 280 lat

49 410 143 454 verso
155 391 292 472 apparuit
312 408 420 470 agmen
441 387 585 470 equitum,
608 386 662 469 qui
679 386 778 466 primo
797 382 954 448 inhibuere
973 406 1104 466 cursum,
1123 386 1231 449 deinde
1247 384 1310 446 lda-

49 487 201 550 cedonum
222 489 371 567 paucitate
396 491 576 564 conspecta,
609 491 723 546 turmas
745 481 777 542 in
797 477 906 545 obvios
929 480 1164 549 concitaverunt.
1196 479 1310 545 22Α111

49 584 137 664 signa
157 604 211 646 rex
234 585 303 661 ibat,
320 576 505 647 dissinmlato
525 583 620 661 magis
640 577 787 660 periculo,
811 597 901 659 quam
922 586 1034 660 spreto.
1077 581 1144 642 Nec
1166 581 1262 642 detuit
1280 578 1310 640 ei

51 687 197 760 perpetua
217 674 367 745 indubiis
388 683 482 743 rebus
501 679 644 740 felicitas:
672 668 834 759 2³utrinqne
858 678 1044 756 praelectum
1073 677 1230 758 equitatus,
1250 677 1311 738 avi-

53 777 124 839 dum
138 778 307 840 certaminis
327 785 358 839 et
376 779 417 839 ob
440 777 472 837 id
490 768 590 855 ipsum
610 766 757 836 incautius
779 771 811 832 in
830 790 864 832 se
885 778 1030 850 ruentem,
1051 774 1136 836 basta
1154 772 1310 850 transfixit,

54 894 114 954 quo
139 895 177 936 ex
202 894 279 956 equo
307 874 411 952 lapso,
440 872 618 952 proximum
650 891 686 931 ac
715 868 785 930 dein
810 867 915 947 plures
945 871 1053 933 eodem
1077 870 1141 932 telo
1168 870 1310 932 confodit

52 963 383 1031 241111111111111111
404 968 649 1048 amiciquoque:
674 986 731 1027 nec
758 967 868 1026 Persae
896 965 983 1028 inulti
1009 968 1171 1043 cadebant,
1199 967 1311 1049 quippe

52 1086 115 1128 non
138 1065 296 1126 universae
317 1063 414 1140 acies,
437 1085 524 1144 quam
547 1065 602 1124 hae
624 1061 833 1124 tumultuariae
852 1081 974 1139 manus,
995 1065 1199 1126 vehementius
1219 1064 1313 1124 iniere

52 1167 215 1223 certamen.
250 1153 566 1238 25’1,111111111111111,
589 1180 682 1241 quum
706 1158 837 1223 obscura
857 1159 926 1220 luce
946 1161 1039 1224 tutior
1066 1162 1137 1241 iuga
1159 1161 1313 1222 videretur

13 1277 16 1283 ’
52 1278 132 1334 esse,
150 1276 238 1338 quam
258 1275 366 1336 pugna,
389 1250 532 1338 dispersis
551 1256 720 1338 agminibus
739 1255 851 1317 abiere.
880 1256 955 1335 Rex,
974 1258 1214 1321 extraordinario
1234 1256 1313 1337 peri-

53 1358 126 1420 culo
148 1355 314 1429 defunctus
336 1353 503 1417 incolumes
524 1373 598 1416 suos
617 1353 737 1414 reduxit
752 1351 784 1412 in
803 1357 911 1414 castra.

138 1451 244 1514 lell.
281 1444 462 1512 ²⁶Oecidere
484 1452 652 1525 Persarum,
672 1467 803 1529 quorum
822 1467 980 1508 numerum
999 1448 1130 1511 victores
1152 1451 1238 1511 finire
1259 1471 1314 1530 po-

54 1554 184 1623 tuerunt,
206 1545 288 1606 milia
298 1545 365 1621 XL,
379 1544 579 1608 Macedonum
590 1545 697 1622 minus,
718 1564 807 1625 quam
819 1542 899 1604 000
922 1543 1082 1605 desiderati
1100 1552 1177 1607 sunt.
1219 1542 1246 1583 ²⁷
1257 1545 1314 1606 01-

56 1657 154 1710 terum
173 1643 424 1706 111111111111111
442 1663 497 1704 rex
515 1641 629 1703 maiore
650 1661 688 1702 ex
709 1646 794 1720 parte
818 1639 936 1715 virtuti,
965 1659 1054 1721 qnam
1077 1641 1216 1702 fortunae
1242 1661 1314 1702 suae

55 1745 173 1808 debuit:
196 1740 311 1814 animo,
332 1759 409 1816 non,
432 1746 466 1801 ut
484 1745 585 1814 antea,
607 1737 680 1798 loco
701 1735 782 1800 vicit.
818 1729 934 1798 28Ν111
960 1743 991 1798 11
1015 1737 1110 1798 aciem
1135 1737 1314 1818 peritissime

55 1839 209 1914 instruxit,
237 1844 266 1898 et
292 1836 514 1916 promptissime
542 1835 608 1916 ipse
633 1834 792 1915 pugnavit,
819 1839 849 1894 et
877 1853 986 1915 magno
1015 1833 1143 1896 consilio
1170 1834 1315 1896 iacturam

55 1939 240 2004 sarcinarum
259 1933 597 2013 impedimentorumque
618 1931 815 2010 contempsit,
845 1951 937 2011 quum
959 1930 989 1991 in
1009 1931 1077 2010 ipsu
1097 1931 1161 1993 acie
1181 1951 1314 2014 summae

56 2037 101 2097 rei
122 2035 239 2096 videret
259 2049 325 2092 esse
349 2029 525 2106 discrimen,
554 2029 707 2109 dubioque
729 2029 832 2090 adhuc·
849 2047 967 2108 pugnae
990 2033 1100 2090 eventu
1121 2048 1180 2109 pro
1198 2029 1314 2091 victore

55 2152 90 2194 se
115 2130 215 2209 gessit,
242 2123 436 2205 ²⁹perculsos
456 2126 563 2186 deinde
585 2125 716 2186 hostium
735 2123 828 2200 ludit,
850 2125 1014 2203 fugientes,
1036 2125 1119 2206 quod
1139 2124 1171 2186 in
1195 2125 1249 2187 illo
1268 2145 1316 2187 ar-

55 2230 134 2290 dore
157 2225 246 2284 animi
262 2223 312 2282 vix
335 2221 418 2279 credi
438 2226 555 2298 potest,
576 2221 769 2300 prudentius,
793 2239 882 2300 quam
907 2222 1023 2283 avidius
1040 2232 1241 2304 persequutus
1261 2230 1314 2286 est.

46 2321 177 2387 ³⁰Nam
196 2319 238 2396 si,
259 2322 345 2396 parte
360 2314 510 2376 exercitus
531 2317 628 2377 adhuc
648 2316 679 2375 in
700 2316 764 2377 acie
785 2321 897 2394 stante,
923 2317 1033 2379 instare
1054 2319 1230 2382 cedentibus
1247 2340 1315 2400 per-

55 2421 243 2491 severasset,
265 2419 317 2474 aut
334 2409 424 2489 culpa
444 2429 498 2470 sna
516 2409 614 2472 victus
637 2417 717 2474 esset
741 2419 792 2475 aut
821 2413 918 2474 aliena
940 2415 1049 2477 virtute
1073 2414 1203 2477 vicisset
1244 2418 1315 2493 lam,

56 2517 85 2578 si
118 2511 336 2576 multitudinem
362 2507 494 2590 equitum
523 2508 748 2571 occurrentium
775 2508 974 2590 extimuisset,
1008 2511 1116 2573 victori
1143 2517 1195 2574 aut
1226 2511 1316 2575 foede

59 2801 113 2853 qua
129 2783 232 2834 libidine
252 2779 412 2842 continuerit,
432 2779 459 2829 in
477 2778 567 2846 aliqua
586 2777 711 2844 effuderit.
742 2782 808 2834 lene
825 2783 998 2845 Verbindung
1020 2784 1056 2832 ist
1079 2782 1132 2832 den
1150 2784 1315 2834 Historiksru

57 2855 123 2906 sehr
140 2851 257 2916 gelaulig.
281 2852 306 2900 S.
327 2851 379 2899 Liv.
399 2845 440 2910 33,
460 2846 499 2910 18,
522 2845 565 2899 18:
584 2847 612 2896 in
629 2849 794 2914 praecipitem
812 2851 901 2916 sapam
920 2850 999 2914 effusi.

69 2959 71 2962 ’
128 2938 278 3003 16111.
315 2936 540 2988 Dissimulato
570 2939 738 3005 periculo.
777 2943 948 2994 Gewbhnlich
976 2943 1022 2991 hat
1049 2939 1210 2992 disimulnre
1238 2945 1316 2994 sinen

56 3012 200 3062 Ausdruck
225 3022 287 3059 zum
307 3007 410 3070 Obicit,
435 3008 484 3056 der
503 3007 550 3056 aui
569 3009 612 3057 ein
632 3009 725 3059 Geluhl
750 3010 816 3060 odor
839 3009 991 3073 uberhaupt
1017 3009 1065 3058 aui
1086 3010 1163 3062 einen
1187 3013 1316 3075 geistigen

58 3081 127 3130 oder
146 3077 330 3140 korperlichen
344 3075 461 3125 Zustand
479 3075 527 3124 des
540 3075 666 3137 Subjekts
680 3077 815 3140 bezdglich
835 3078 881 3138 ist3
902 3079 961 3128 ab.
980 3075 1101 3138 dolarent,
1121 3084 1219 3142 mlum,
1238 3079 1315 3140 iram,

59 3146 240 3204 causamn-oe,
257 3141 348 3192 vulnus
361 3143 416 3192 und
435 3142 500 3192 1111.
530 3143 619 3193 Selten
636 3145 673 3194 ist
691 3158 720 3194 es
738 3146 781 3195 ein
803 3145 959 3196 ausserhalb
978 3146 1026 3197 des
1045 3145 1169 3209 subjelts
1188 3147 1316 3199 111111111-

59 3217 127 3266 1111
145 3213 315 3277 Gegenstand
335 3211 402 3261 oder
419 3211 462 3260 ein
482 3224 516 3259 an
536 3212 624 3260 einem
643 3212 751 3262 solchen
773 3215 954 3264 entwiclielter
971 3214 1076 3278 Begrili,
1096 3215 1153 3265 und
1172 3215 1243 3266 donn
1265 3229 1317 3266 nur

58 3286 86 3333 in
105 3295 136 3333 so
154 3281 220 3343 iero,
249 3282 286 3330 als
307 3279 355 3328 der
373 3279 542 3341 Gegenstand
562 3279 628 3328 oder
645 3280 693 3329 der
712 3281 812 3344 Begriif
828 3281 856 3330 in
879 3284 968 3332 seinos
984 3283 1105 3332 Bristenz
1124 3283 1180 3333 rand
1198 3284 1315 3334 Einwir-

59 3353 131 3413 kung
156 3362 210 3397 von
228 3348 289 3398 dem
309 3346 420 3408 Subjelrt
434 3346 508 3394 nicht
527 3347 676 3396 anerlrannt
693 3349 770 3400 wird.
811 3349 846 3398 So
863 3349 916 3399 Cic.
936 3351 964 3399 in
976 3350 1051 3400 catil.
1065 3348 1087 3411 1,
1102 3346 1144 3408 13,
1156 3347 1203 3400 301
1223 3365 1316 3414 quam-

58 3433 137 3484 quam
155 3413 272 3464 nonnulli
290 3420 349 3462 sunt
367 3413 395 3461 iu
410 3411 458 3461 boc
476 3411 571 3475 ordine,
594 3413 638 3479 qui
655 3420 701 3462 aut
720 3430 760 3475 ea,
781 3431 846 3481 quoe
865 3415 1001 3480 imminent,
1020 3432 1071 3467 non
1089 3415 1199 3480 videant,
1218 3423 1264 3467 aut
1278 3432 1317 3479 ea,

58 3501 125 3551 quae
143 3482 238 3542 cidem,
255 3477 478 3530 dissimulent.
993 3510 1003 3518 -

126 3572 153 3634 d,
174 3571 217 3634 62,
238 3569 280 3622 14.
318 3569 582 3622 Tumultuariae
605 3586 718 3620 manus
749 3573 817 3622 nach
846 3573 907 3624 dem
932 3572 1131 3636 gewuhnlichen
1159 3575 1317 3638 Gogensutm

58 3645 111 3694 wic
127 3639 154 3703 6,
174 3638 214 3702 16,
234 3639 281 3691 12:
302 3638 421 3690 mmultus
439 3638 527 3704 mapis,
547 3654 623 3704 quom
637 3637 764 3705 proelium
780 3639 839 3703 fuit.
878 3641 965 3703 Vergl.
985 3641 1039 3690 Liv.
1059 3637 1086 3701 1,
1106 3637 1148 3704 ib,
1171 3641 1195 3694 1.
1213 3638 1255 3704 19,
1274 3639 1317 3704 36,

57 3711 81 3762 5.
101 3708 142 3773 ut,
162 3706 186 3772 8,
209 3706 239 3758 7:
262 3707 329 3757 nibil
352 3704 534 3756 tumultuariae
549 3722 650 3772 puqnae
668 3705 749 3756 simile
769 3713 834 3770 erat,
859 3707 947 3774 quales
970 3707 999 3756 iu
1022 3708 1249 3774 oppugnationibus
1267 3725 1317 3758 ur-

59 3777 127 3828 bium
145 3793 193 3844 per
213 3776 370 3826 occasionem
386 3773 472 3841 partis
490 3771 597 3822 alterius
616 3775 716 3824 conseri
732 3773 829 3823 solent:
857 3774 902 3824 sed
923 3774 1008 3824 iustae
1027 3775 1110 3838 acies„
1127 3775 1196 3826 uelut
1217 3777 1318 3844 patenti

58 3861 161 3964 1qampqai
187 3842 446 3961 1116111411ιί1αεῖἽῖ
472 3841 683 3957 ltqqtoqluhqaturbis
708 3841 806 3920 modico
831 3840 956 3958 distqnltlia
980 3841 1118 3960 inettqrnallo
1140 3845 1316 3897 comtiterunt.

78 3927 112 3963 ιν.
166 3949 173 3975 ,
224 3926 355 3971 ,:cum
399 3924 459 3958 au
506 3924 548 3957 mu
616 3924 863 3975 ummopss,quom
898 3925 1005 3976 aspero
1033 3926 1066 3959 nn.

125 3998 212 4063 161,
232 4000 275 4052 ί15.
309 4000 500 4067 Dispersis.
526 4000 568 4052 F.:
595 3994 708 4051 dioemm
746 4002 834 4065 Vergl.
854 4002 928 4052 Caes.
947 4001 1007 4052 1111.
1026 4001 1084 4065 gall.
1107 3997 1131 4063 2,
1150 3996 1198 4049 m:
1223 3997 1317 4064 equites

59 4069 149 4120 treviri
159 4096 202 4130 -,
223 4083 299 4136 quum
315 4067 476 4119 multitudine
493 4066 601 4116 bostium
620 4075 709 4117 castra
725 4075 816 4118 nostm
833 4067 961 4133 compleri,
983 4067 1091 4135 legiones
1107 4067 1189 4134 menni
1201 4073 1226 4115 et
1237 4080 1318 4132 paene

58 4139 243 4187 circumventas
263 4138 352 4197 teneri,
372 4135 483 4195 calones,
504 4135 608 4200 equites,
627 4135 778 4198 funditores,
804 4135 928 4186 Numidas
953 4135 1108 4186 diuersos
1134 4133 1318 4201 dissipatosque

57 4205 86 4255 in
104 4221 188 4255 omnes
204 4212 292 4272 partes
307 4206 397 4270 supere
420 4203 547 4265 vidissent,
567 4231 599 4238 -
617 4203 717 4253 domum
736 4203 927 4256 contenderunt.
964 4205 1019 4254 Liv.
1040 4201 1065 4266 9,
1082 4200 1123 4265 37,
1143 4201 1185 4252 1οε
1214 4202 1317 4268 fugatos

58 4290 132 4339 eques
149 4273 328 4340 persequitur:
348 4271 498 4348 agbcastra,
518 4269 554 4319 ad
569 4268 648 4320 siloas
668 4270 806 4320 diuersi
828 4271 968 4322 tendebant.
1160 4276 1170 4301 '¹
1235 4287 1239 4293 ·

127 4363 154 4428 ci,
174 4364 216 4429 63,
234 4363 275 4417 28.
302 4363 455 4413 Summae
470 4361 563 4410 rei—
577 4360 768 4412 discrimen.
785 4363 826 4412 F.:
846 4378 968 4412 mmmum
983 4360 1213 4413 rei-discrimen.
1231 4361 1317 4426 Vergl,

58 4436 120 4486 Tac.
139 4435 201 4487 hist.
222 4433 247 4495 5,
270 4430 314 4482 15:
340 4430 393 4480 eius
406 4427 501 4496 proelii
525 4435 625 4478 euentus
642 4437 777 4496 utrumque
794 4429 888 4493 ducem,
917 4429 1022 4479 diuersis
1046 4429 1125 4479 animi
1142 4427 1256 4491 mouban,
1283 4428 1319 4478 ad

56 4502 238 4552 maturandum
254 4514 397 4550 summae
413 4496 464 4546 rei
484 4496 661 4546 discrimen
677 4497 767 4550 erosit.
797 4499 921 4562 Dagegen
941 4497 986 4548 boi
998 4498 1072 4549 Caes.
1090 4497 1147 4548 bell.
1167 4493 1316 4562 ga11.o,38:

55 4569 126 4619 sidet
144 4570 276 4620 imminere
294 4567 377 4618 bostat
397 4571 474 4630 alque
490 4564 518 4615 in
534 4580 649 4614 summo
670 4581 722 4616 esse
741 4580 807 4615 rem
825 4563 1031 4618 discrimine.

126 4657 151 4724 1,
171 4657 212 4724 63,
229 4657 272 4711 19.
311 4656 476 4711 Hostium.
504 4657 542 4708 R:
562 4655 654 4708 instes
692 4657 836 4710 1111111111
862 4656 992 4722 Baispielc
1019 4671 1074 4709 sou
1099 4657 1158 4711 dsr‘
1171 4657 1317 4721 partitiveu
