2820 4964
73 131 116 197 at
543 125 582 205 Q.
607 123 748 185 cnarn
768 123 866 185 auri

77 300 193 363 suturas
222 311 320 374 pares,
351 311 442 373 quum
472 293 627 373 magnetiae
656 292 877 355 multitudinem
901 309 964 352 non
992 294 1150 369 caperent:
1181 282 1335 369 planitiem

77 394 151 474 ipsis
171 409 357 470 camposque
379 406 446 450 esse
468 389 615 465 vitandos,
643 389 695 450 ubi
718 389 878 463 circumiri,
905 387 958 461 ubi
974 385 1096 471 ancipiti
1113 386 1180 447 acie
1205 387 1335 466 opprimi

67 497 211 572 possent.
255 486 385 560 Timere,
404 504 443 545 ne
461 504 523 547 non
544 485 654 547 virtute
674 486 813 560 hostium,
837 484 890 545 sed
910 468 1086 545 lassitudine
1105 502 1162 543 sua
1181 482 1334 545 vinceren

77 595 135 649 tur.
178 588 285 647 Persas
314 588 451 645 recentes
480 581 607 644 subinde
638 600 853 655 successuros,
880 579 906 641 si
930 578 1026 639 laxius
1050 583 1133 640 stare
1157 580 1334 657 potuissent

78 679 105 763 1⁰
114 682 216 761 Facile
236 679 313 741 ratio
335 683 394 739 tam
412 677 542 739 salubris
560 676 679 738 consilii
700 681 823 756 accepta
849 683 903 738 est
941 677 1043 755 ltaque
1074 674 1154 735 inter
1184 677 1334 756 angustias

81 756 175 843 saltus
196 779 313 838 hostem
334 760 468 853 bpperiri
489 774 599 835 statuit.
608 766 639 881 f

161 896 274 959 XVlll.
305 889 327 931 ¹¹
337 894 409 954 Erat
429 894 459 953 in
482 884 616 956 exercitu
645 893 725 973 regis
747 892 863 956 Sisines
883 894 1006 953 Perses:
1040 891 1196 973 qnondam
1214 910 1233 952 a
1250 892 1334 972 pr‘ae-

80 1005 147 1058 tore
173 992 305 1071 Aegypti
335 989 445 1051 missus
473 992 512 1052 ad
537 990 718 1071 Philippum,
749 988 897 1069 donisque
923 992 954 1048 et
982 987 1064 1048 omni
1086 989 1207 1050 honore
1231 988 1333 1063 cultus,

81 1093 203 1154 exilium
225 1088 322 1167 patria
341 1087 414 1147 sede.
434 1092 613 1148 mutaverat:
643 1091 788 1166 sequutus
813 1083 922 1144 deinde
952 1084 983 1145 in
1001 1084 1104 1146 Asiam
1121 1084 1333 1151 Alexandrum.

81 1190 159 1249 inter
177 1187 282 1248 fideles
302 1185 403 1247 socios
425 1184 598 1244 habebatur.
633 1178 657 1222 ¹²
665 1181 743 1243 Huic
755 1179 924 1260 ,epistolam
938 1181 1083 1242 cretensis
1097 1181 1184 1243 miles
1199 1164 1340 1261 obsigna*

81 1291 141 1347 tam
162 1281 261 1359 anulo,
292 1281 377 1344 ouius
398 1279 515 1359 signum
537 1280 617 1342 haud
638 1297 709 1340 sane
729 1282 835 1339 notum'
860 1284 932 1353 erat,
962 1276 1091 1339 tradidit.
1131 1277 1335 1353 Nabarzanes

80 1386 205 1461 praetor
226 1378 325 1454 Darei,
353 1378 474 1439 miserat
499 1396 572 1453 earn,
597 1376 832 1455 hortabaturque
859 1373 995 1450 Sisinem,
1025 1381 1059 1434 ut
1079 1373 1205 1453 dignum
1226 1373 1335 1457 aliquid

80 1477 234 1540 nobilitate
261 1496 297 1538 ec
330 1474 464 1535 moribus
499 1474 562 1535 suis
587 1474 704 1548 ederet,
733 1490 842 1551 magno
871 1470 902 1529 id
933 1469 961 1531 ei
987 1471 1068 1550 apud
1094 1488 1197 1549 regem
1229 1470 1336 1533 honori

81 1580 156 1640 lore.
191 1570 285 1636 ¹3Has
305 1572 419 1632 litteras
439 1570 562 1645 Sisines,
587 1575 694 1647 utpote
715 1556 863 1642 innosius,
886 1567 925 1626 ad
946 1564 1150 1628 Alexandrum
1172 1588 1268 1649 saepe
1288 1568 1337 1628 de-

81 1675 161 1733 terre
182 1666 322 1737 tentavit;
354 1665 409 1725 sed
430 1686 521 1745 quum
542 1670 587 1725 tot
608 1664 689 1725 curis
709 1670 913 1745 apparatuque
932 1662 1005 1724 belli
1025 1682 1127 1743 regern
1148 1663 1268 1726 videret
1288 1680 1336 1725 ur-

82 1767 156 1846 geri,
176 1764 280 1843 aptius¹
299 1760 426 1822 subinde
445 1767 562 1841 tempus
586 1766 758 1839 expectans,
775 1760 979 1839 suspicionem
999 1759 1063 1821 initi
1079 1758 1201 1822 scelesti
1219 1760 1336 1824 consilii

81 1861 226 1942 praebuit.
258 1851 429 1937 ¹⁴Namque
450 1856 586 1936 epistola,
606 1856 780 1937 priusquam
795 1857 824 1917 ei
835 1857 1021 1931 redderetur,
1041 1855 1072 1915 in
1087 1874 1194 1916 manus
1208 1855 1336 1918 Alexan-

82 1957 129 2018 dri
148 1960 333 2035 pervenerat,
358 1952 527 2034 lectamque
547 1972 620 2027 eam,
643 1952 736 2031 ignoti
753 1952 834 2013 anuli
854 1952 952 2032 sigillo
974 1952 1130 2031 impresso,
1159 1951 1256 2015 Sisini
1275 1951 1335 2015 dari

82 2055 210 2114 iusserat
231 2048 271 2111 ad
292 2048 504 2111 aestimandam
525 2047 616 2107 fidem
636 2047 764 2108 barbari.
802 2042 897 2129 ¹⁵Qui
915 2049 983 2129 quia
1000 2067 1056 2128 per
1077 2047 1254 2127 complures
1275 2049 1335 2110 dies

81 2167 145 2209 non
163 2144 277 2207 adierat
298 2164 409 2224 regem,
440 2142 571 2206 scelesto
593 2143 721 2205 consilio
742 2139 807 2205 eam
828 2143 910 2206 visus
935 2150 980 2205 est
1006 2144 1227 2224 suppressisse;
1259 2152 1289 2207 et
1307 2145 1334 2206 in

81 2244 232 2325 agminea
253 2239 448 2302 Cretensibus
469 2240 548 2301 haud
571 2240 663 2301 dubie
683 2242 767 2302 iussu
787 2242 867 2320 regis
889 2240 1008 2302 occisus
1030 2246 1084 2301 est

162 2363 252 2424 XlX.
288 2354 489 2441 V¹¹¹=¹1amque
516 2359 618 2439 graeci
646 2359 764 2435 milites,
796 2380 873 2440 quos
901 2361 1074 2440 Thymodes
1103 2361 1334 2441 a·Pharnabazo

80 2465 248 2540 acceperat,
274 2457 438 2538 praecipua
460 2476 530 2535 spes
550 2463 579 2518 et
597 2456 818 2537 propemodum
847 2458 944 2536 unica,
973 2457 1012 2518 ad
1033 2459 1166 2519 Dareum
1190 2478 1334 2558 pervene

80 2679 215 2746 getordert
232 2676 309 2738 wird‚
328 2675 422 2739 gehbrt
446 2687 479 2723 zu
501 2673 552 2723 den
579 2674 707 2724 seltenen.
744 2672 830 2738 Vergl.
849 2674 911 2723 Ptin.
932 2677 1007 2739 epist.
1023 2672 1047 2738 9,
1064 2672 1104 2737 11,
1121 2671 1167 2726 1t:
1187 2692 1336 2727 veremur

80 2738 215 2809 enim,'rre
235 2746 304 2810 forte
328 2758 393 2793 non
416 2741 462 2791 har
486 2740 718 2807 indipnitates
746 2739 951 2807 reliquisse,
976 2743 1033 2792 sed
1058 2742 1207 2793 laborem
1234 2746 1336 2810 refrt-

77 2817 171 2882 9isse
188 2814 326 2864 videamm.
350 2838 378 2848 -
401 2808 618 2859 lassitudine.
652 2810 705 2859 Der
720 2809 818 2872 Begritl
841 2823 894 2859 von
916 2807 1037 2860 lassitudo
1058 2812 1126 2863 wird
1145 2812 1220 2863 nicht
1238 2812 1336 2865 liberali

80 2885 164 2935 durch
184 2882 337 2945 Mattigkeit,
357 2879 500 2942 Mttdiglreit
527 2877 675 2940 arschdplt3
694 2891 723 2927 es
741 2876 870 2933 bedeutet
891 2879 1032 2930 mehrmats
1058 2881 1110 2929 den
1129 2879 1337 2933 lortschreiten-

79 2954 147 3012 den,
173 2951 229 3001 sich
255 2947 465 2998 entwickalnden
492 2944 609 2994 Zustend
637 2945 685 2994 der
710 2945 871 3008 Ermattnng,
901 2945 949 2996 das
971 2947 1168 2998 Mttdewerden.
1215 2950 1244 2999 S.
1266 2950 1295 3000 C.
1311 2946 1336 3009 7,

78 3014 119 3080 11,
138 3014 163 3066 8,
184 3042 212 3052 -
236 3013 351 3077 iccius
372 3020 481 3069 stare,
501 3013 551 3062 wie
571 3009 595 3073 3,
613 3008 656 3070 21,
680 3009 726 3060 18:
745 3027 820 3076 quum
839 3012 971 3063 incondito
996 3012 1131 3065 multitudo
1156 3042 1189 3051 -
1217 3013 1336 3066 lacius

80 3083 241 3133 tenderet.
258 3077 284 3140 tl,
302 3078 345 3140 51,
363 3077 410 3128 33:
433 3077 572 3126 locatis
591 3076 776 3126 ordinibus
794 3079 913 3144 impetum
931 3081 1084 3149 exciperent.
1115 3083 1162 3133 Dia
1181 3076 1337 3148 nichttgleit

79 3153 129 3202 der
144 3149 311 3211 lieme'rlrung
330 3145 432 3210 ergiebt
448 3144 505 3194 sich
520 3157 568 3194 aus
587 3145 636 3194 der
655 3145 827 3209 schilderung
848 3148 896 3199 des
916 3150 1042 3201 Tralleus.
1080 3152 1105 3200 S.
1124 3148 1149 3213 3,
1169 3147 1211 3215 26,
1232 3150 1259 3203 5.
1279 3148 1305 3203 6.

146 3258 236 3380 ²18,
263 3256 303 3309 11.
351 3255 489 3305 stranea.
528 3259 569 3306 Z.:
589 3257 696 3306 strenas.
727 3286 758 3294 -
784 3274 803 3308 o
824 3269 996 3378 porrectura
1019 3261 1181 3330 Aepypti.
1209 3265 1338 3329 ‘Praetor

78 3332 193 3383 brauct
859 3365 865 3390 2

213 3330 286 3380 Gurt.
307 3325 375 3377 nach
393 3325 499 3375 Ciceros
517 3325 641 3389 Vorgeng
658 3326 704 3386 (de
718 3326 763 3376 tin.
780 3325 803 3389 5,
882 3326 930 3379 99ι
949 3346 981 3378 ne
1000 3337 1053 3379 tum
1070 3331 1265 3396 quidemraieer
1276 3337 1337 3395 (Po-

78 3400 213 3464 lycrates),
230 3409 306 3461 qaam
324 3390 356 3441 ab
374 3391 475 3452 Oroete,
498 3400 669 3458 praetore
684 3392 774 3454 Darei,
791 3395 820 3444 irs
839 3412 939 3446 curceio
960 3405 1033 3447 acan
1050 3402 1095 3462 eet)
1123 3399 1164 3449 lur
1190 3403 1337 3467 praefarer
1378 3390 1380 3395 ¹

77 3469 144 3518 oder
164 3471 282 3529 satrapa.
327 3461 361 3509 So
380 3456 404 3520 3,
424 3456 464 3521 97,
487 3459 531 3510 1οε
558 3459 675 3522 Sotaces,
697 3470 847 3528 praetor
871 3462 1029 3531 Aepypti.
1052 3494 1085 3503 -
1112 3466 1286 3535 donisque
1306 3476 1338 3519 et

78 3531 166 3583 omni
184 3531 312 3581 honore
330 3525 453 3577 cottas.
494 3530 528 3578 So
549 3529 597 3580 das
616 3530 679 3580 Eine
701 3528 741 3592 10,
760 3527 785 3592 tl,
805 3529 851 3581 ese
869 3546 944 3598 quum
966 3548 1049 3582 emeres
1070 3533 1165 3584 emmor
1190 3536 1261 3601 repis
1279 3537 1337 3586 do-

75 3601 130 3650 nis
148 3596 323 3648 coluisset.
365 3595 422 3646 llud
440 3595 488 3646 das
515 3595 660 3658 Andere7,
684 3595 725 3657 99,
746 3595 791 3647 19;
818 3599 886 3647 inter
912 3615 996 3648 omnes
1020 3602 1115 3650 amicos
1137 3605 1337 3672 praecipato

76 3668 204 3720 honore
220 3663 347 3714 caitus.
366 3689 398 3698 -—
418 3664 465 3713 Die
482 3663 527 3714 bei
546 3665 639 3714 Cicero
656 3664 896 3729 ungebrttuchliche
908 3668 1079 3733 Verbindung
1091 3670 1175 3721 durch
1195 3678 1337 3737 que-et

77 3738 112 3787 ist
128 3734 172 3784 bei
190 3732 354 3784 Htstorilrern
371 3731 444 3781 nieht
460 3732 559 3782 seiten:
578 3746 609 3782 so
627 3734 655 3782 C.
675 3730 701 3794 8,
721 3732 761 3795 15,
782 3732 828 3784 15:
848 3733 920 3783 miles
941 3750 1046 3801 reque
1072 3742 1108 3785 'et
1126 3753 1218 3788 armo
1234 3738 1335 3789 rentes·

76 3809 142 3852 tane.
163 3829 195 3837 —
215 3796 358 3849 erilium
379 3798 509 3864 patrio
533 3799 610 3848 rede
636 3808 846 3850 mutaverat.
885 3803 968 3852 Dalttr
988 3805 1087 3855 kbnnto
1104 3818 1166 3855 man
1192 3808 1263 3858 nach
1288 3808 1336 3858 der

74 3870 198 3933 honogie
216 3881 269 3918 von
289 3864 313 3928 3,
329 3863 370 3926 25,
392 3864 436 3917 10:
455 3882 548 3933 aspera
563 3867 686 3916 mondum
702 3884 805 3918 reorum
824 3870 905 3935 iupa
930 3869 1023 3919 ditibus
1046 3870 1184 3923 Personam
1208 3874 1335 3943 campie

74 3942 251 3990 enatarent
272 3934 341 3985 auch
361 3934 404 3985 die
421 3936 594 3999 umgelrehrte
612 3937 849 3988 husdruotsweise
866 3941 1006 3990 erwerten.
1082 3980 1085 3985 .

142 4045 289 4113 3,18,12.
328 4046 559 4115 Obsipnatam.
602 4047 742 4115 Obripnare
760 4047 838 4098 anule
858 4051 1041 4110 iststehende
1063 4052 1219 4107 ltedensart.
1256 4058 1292 4109 So
1308 4053 1334 4115 6,

73 4117 115 4182 91),
133 4115 156 4169 6.
179 4116 219 4181 10,
239 4113 280 4176 19,
300 4114 323 4167 5.
343 4144 372 4153 -
393 4113 551 4165 moribus.
587 4117 814 4169 Wahrscheinlioh
831 4116 978 4168 nomnibus.

139 4230 164 4293 3,
188 4229 227 4292 18,
245 4227 285 4281 19.
325 4228 498 4284 lanariae
516 4229 584 4279 wird
604 4229 709 4281 absolut
726 4232 762 4281 im
781 4231 991 4283 activenSinne:
1009 4232 1188 4296 unscha'dltch,
1202 4234 1334 4285 noschul-

73 4298 125 4361 dtg,
143 4312 197 4349 von
216 4300 352 4348 Personen
372 4298 456 4348 seiten
474 4296 615 4361 gesunden.
655 4299 689 4348 So
705 4300 760 4349 Liv.
779 4297 803 4359 5,
821 4296 864 4360 99,
885 4297 914 4348 7:
934 4299 1041 4366 pessimo
1061 4300 1175 4367 exemplo
1193 4300 1335 4351 innecii

72 4364 230 4414 condemnati
248 4371 314 4413 sant.
358 4365 448 4415 Oelter
472 4366 521 4415 mit
544 4366 631 4414 einern
651 4367 754 4426 Zusatz,
773 4367 824 4417 wie
841 4369 895 4417 Liv.
915 4363 939 4428 cl,
957 4364 998 4429 11,
1027 4367 1072 4419 11:
1098 4367 1249 4420 crimine
1274 4369 1333 4419 ire-

72 4432 186 4484 noxio.
223 4434 294 4483 Curt.
314 4429 338 4493 8,
355 4429 398 4490 99,
416 4430 461 4481 dl:
481 4431 567 4481 initi
587 4431 732 4482 consilii
749 4433 777 4482 in
797 4441 875 4502 capnt
891 4434 958 4503 repis
976 4434 1151 4486 innascier.

137 4541 274 4605 3,19,1.
311 4542 459 4610 lamque.
496 4543 611 4596 F.:iom.
649 4545 1032 4615 UeberdieSachas.3,6‚
1054 4547 1076 4603 1.
