2820 4964
152 187 235 249 Vlll.
259 185 363 248 XXll.
386 186 517 248 16-19.
540 182 661 248 XXIII.
683 185 820 247 att-27.
844 179 962 244 XXIV.
984 179 1119 242 att-30.
1144 181 1171 240 1.
1193 179 1222 240 2.
1248 177 1318 251 ’871
1351 177 1355 192 ’

57 377 136 438 quae
169 341 340 431 decederet,
372 353 493 415 insidias
522 358 711 432 comparatas
740 351 848 423 luisse;
890 355 1031 410 auctores
1056 347 1176 409 scelesti
1204 346 1321 409 consilii

56 475 135 530 esse,
159 473 235 534 quos
258 452 377 512 minime
400 451 537 512 crederet
557 469 620 511 rex.
666 443 778 511 2‘i'lum
798 447 958 526 Epimenes
982 449 1090 505 cuncta
1111 444 1226 520 ordine,
1249 462 1321 504 cou-

58 552 252 629 sciornrnque
277 548 399 608 nomina
422 546 553 625 exponit.
597 546 798 609 Callisthenen
826 562 888 604 non
917 547 951 604 ut
976 541 1152 620 participem
1178 540 1321 611 facinoris

57 648 242 708 nominatum
265 664 330 706 esse
348 644 512 717 constabat,
536 641 590 703 sed
612 641 734 705 solitum
752 659 916 721 puerorum
939 636 1129 699 sermonibus
1150 636 1321 715 vituperan-

58 744 132 804 tium
160 742 438 820 criminantiumque
463 758 566 816 regem
599 739 703 800 faciles
732 756 824 799 aures
852 733 1008 814 praebere.
1057 726 1084 769 ²⁵
1093 733 1224 808 Quidam
1249 731 1322 793 adii

59 840 150 915 ciunt,
172 859 265 919 quum
286 836 466 897 Hermolaus
486 836 568 913 apud
592 854 661 897 eum
682 855 803 915 quoque
821 832 1010 915 verberatum
1031 849 1064 890 se
1086 849 1103 890 a
1124 849 1196 908 rege
1216 849 1322 910 quere-

59 940 151 1009 retur,
174 934 285 996 dixisse
307 930 520 1008 Callistheneu,
541 931 712 993 meminisse
733 931 843 992 debere
864 947 918 990 eos
940 926 999 987 iam
1017 926 1100 988 viros
1122 945 1204 987 esse:
1230 926 1321 1007 idque

57 1031 96 1091 ad
120 1029 335 1090 consolandam
354 1027 527 1105 patientiam
552 1028 719 1103 verberum,
747 1046 785 1086 au
807 1027 846 1087 ad
866 1024 1049 1085 incitandum
1076 1023 1217 1085 iuvenum
1236 1023 1322 1084 dolo

59 1146 123 1186 rem
149 1123 261 1184 dictum
282 1129 369 1197 esset,
391 1123 422 1183 iu
442 1124 583 1202 ambiguo
605 1125 707 1186 fuisse.
1244 1142 1247 1148 ·

103 1274 109 1289 .,
151 1216 259 1296 ²⁰Rex,
279 1220 369 1280 animi
387 1220 586 1301 corporisque
599 1240 712 1300 sopore
734 1219 881 1294 discusso,
902 1238 994 1299 quum
1013 1219 1087 1278 tanti
1103 1215 1239 1296 periculi,
1261 1235 1322 1296 quo

61 1324 205 1391 evaserat,
237 1316 336 1395 imago
365 1316 462 1379 oculis
490 1317 654 1392 oberraret,
683 1315 888 1393 Eurylochum
914 1318 940 1376 L
965 1314 1082 1375 talentis
1113 1320 1143 1374 et
1168 1312 1322 1374 cuiusdam
1365 1373 1373 1381 ,

61 1414 211 1493 'l'yridatis
234 1400 385 1491 opulentis
406 1413 494 1474 bonis
519 1414 611 1474 donat
628 1411 777 1492 protinus,
799 1412 991 1491 fratremque,
1016 1416 1173 1489 antequam
1195 1428 1253 1487 pro
1276 1428 1323 1469 sa-

59 1511 122 1571 lute
142 1510 206 1571 eius
230 1514 415 1587 precaretur,
442 1508 579 1570 restituit.
630 1503 657 1546 ²⁷
667 1507 798 1570 Sceleris
820 1512 920 1568 autern
948 1512 1089 1567 auctores
1111 1505 1246 1584 interque
1268 1523 1322 1565 eos

62 1606 261 1668 Callisthenen
283 1604 568 1666 vinctos-asservari
586 1605 682 1666 iubet:
705 1605 815 1686 quibus
834 1605 866 1663 in
887 1603 999 1682 regiam
1015 1600 1168 1679 adductis,
1188 1606 1253 1661 toto
1274 1600 1322 1660 die

61 1710 92 1763 et
112 1707 201 1763 nocte
224 1701 370 1780 proxima,
394 1721 479 1762 mero
500 1721 537 1763 ac
557 1700 667 1780 vigiliis
688 1699 796 1780 gravis,
818 1699 993 1780 acquievit.-

56 1788 64 1807 “
144 1800 261 1858 XXIV.
313 1791 479 1863 2,ΘΡοεῑετο
501 1805 601 1858 autern
628 1799 769 1878 frequens
791 1794 949 1858 consilium
972 1794 1116 1869 adhibuit,
1149 1794 1199 1861 cui
1220 1799 1322 1873 patres

61 1895 283 1975 propinquique
304 1915 418 1972 eorum,
440 1896 478 1955 de
501 1894 609 1975 quibus
629 1894 782 1974 agebatur,
809 1893 979 1968 intererant,
1008 1912 1048 1953 ne
1069 1892 1181 1952 desua
1202 1890 1332 1971 quidem·

61 1992 155 2053 salute
175 1991 291 2052 securi:
318 1993 429 2072 quippe
451 1991 650 2052 Macedonum
670 2010 755 2052 more
775 1990 875 2069 perire
898 1989 1054 2065 debebant,
1077 1988 1211 2050 omnium
1232 1988 1324 2049 devo

61 2093 98 2148 tis
120 2088 276 2165 capitibus,
300 2087 351 2165 qui
369 2088 513 2165 sauguine
530 2088 725 2166 contigissent
746 2106 809 2148 eos
854 2081 954 2146 ²⁹Rex
976 2086 1128 2147 introduci
1150 2085 1323 2146 coniuratos

60 2190 182 2262 praeter
196 2182 399 2241 Callisthenen
420 2182 518 2241 iussit:
541 2189 630 2262 atque
650 2202 726 2262 quae
742 2181 933 2260 agitaverant,
955 2182 1020 2243 sine
1040 2182 1231 2244 cunctatione
1251 2200 1318 2242 con·

60 2279 134 2339 fessi
168 2282 246 2335 suut.
296 2270 558 2353 3⁰lncrepantibus
586 2279 693 2337 deinde
721 2277 869 2338 universis
896 2295 958 2353 eos,
990 2279 1056 2356 ipse
1085 2299 1146 2356 rex,
1177 2299 1238 2359 quo
1265 2296 1322 2339 suo

60 2374 170 2434 merito
190 2377 302 2431 tantum
326 2369 356 2430 in
375 2378 469 2431 semet
491 2372 674 2449 cogitassent
695 2372 819 2448 lacinus,
840 2373 1017 2451 interrogat.
1061 2370 1323 2455 V¹¹=¹Stupentibus

61 2470 170 2531 ceteris
191 2466 378 2541 Hermolaus,
409 2469 471 2526 Noa
496 2486 575 2543 vero,
605 2467 709 2548 inquit,
736 2471 891 2546 quantiam,
925 2471 1016 2546 quasi
1039 2471 1165 2546 nescios,
1192 2471 1322 2547 quaert's,

60 2565 219 2627 decimali
244 2572 273 2624 te
292 2564 454 2624 comediam
480 2564 636 2643 anthimus,
666 2567 742 2644 qaia
766 2584 830 2624 nota
855 2572 893 2624 ut
912 2567 1056 2644 ingenuei
1077 2567 1230 2644 imperare
1258 2583 1323 2626 coc-

57 2662 140 2740 p't‘sta',
174 2661 226 2720 sed
248 2662 339 2737 quusi
363 2662 399 2722 in
426 2660 584 2737 moncapa'a
612 2660 791 2722 dominaris.
836 2655 973 2722 ²Primus
1003 2682 1040 2723 ex
1073 2661 1212 2735 omnibus
1236 2667 1323 2740 pater

42 2756 155 2837 ‘ipsius
176 2756 309 2834 Sopolis,
337 2755 519 2834 parricidam
543 2754 630 2836 etiarn
652 2755 786 2835 parentis
807 2757 855 2820 sui
876 2757 1031 2818 clamitans
1052 2777 1127 2832 esse,
1159 2756 1323 2834 consurgit,

62 2860 92 2913 et
113 2854 151 2913 ad
171 2872 205 2912 os
232 2871 319 2913 rnanu
340 2851 464 2928 obiecta,
484 2849 600 2916 scelere
621 2856 651 2912 et
672 2851 758 2913 malis
780 2850 975 2916 insanientem
995 2853 1075 2916 ultra
1094 2859 1183 2933 negat
1201 2850 1323 2924 audieu-

60 3085 134 3134 nicht
154 3084 340 3145 gebrauchlich
360 3098 492 3148 genesen.
514 3113 546 3120 —
576 3101 663 3151 quae
687 3084 876 3138 decederet.
912 3089 947 3136 So
973 3087 1046 3140 steht
1072 3086 1116 3137 bei
1134 3087 1207 3150 Virg.
1226 3088 1321 3150 Georg.

59 3151 85 3212 1,
106 3148 156 3199 166
175 3150 226 3199 dies
242 3152 360 3201 decedens
381 3154 443 3203 dem
461 3153 484 3202 d.
504 3152 604 3202 veniens
623 3154 785 3219 gegeniiber.
851 3175 854 3178 ⁴
1146 3174 1149 3181 ¹

129 3239 152 3301 8,
171 3239 211 3304 23,
230 3241 273 3292 25³
309 3243 325 3292 1
330 3243 348 3292 el
355 3261 421 3310 que.
442 3245 482 3294 F.:
502 3243 578 3310 idque
597 3261 640 3294 en.
678 3246 824 3297 Belehrend
844 3247 880 3296 ist
900 3246 943 3295 die
962 3246 1155 3310 Vergleichung
1174 3257 1229 3295 ron
1246 3245 1272 3301 C.
1296 3239 1320 3307 6,

59 3306 103 3366 27,
123 3306 171 3358 28:
195 3326 253 3358 ree
277 3328 466 3376 quaerens,
489 3328 530 3360 att
549 3311 670 3361 Philotan
687 3312 788 3375 adisset,
816 3312 1006 3362 animlitisset
1027 3314 1056 3377 ei,
1079 3319 1109 3363 ul
1147 3311 1271 3360 mentrel
1288 3310 1323 3359 ad

58 3393 91 3424 se.
113 3404 143 3410 —
163 3379 377 3442 patientium
396 3378 579 3429 cerberum.
612 3383 682 3430 statt
699 3382 746 3430 des
768 3394 816 3431 aus
834 3382 883 3430 der
894 3381 1047 3444 Erduldung
1064 3382 1113 3432 der
1124 3330 1235 3443 Xchllige
1254 3379 1321 3439 hor-‚-

59 3458 280 3508 rorgegnngenen
300 3447 422 3508 Gelonis,
450 3449 501 3499 wie
522 3462 584 3496 man
604 3452 664 3512 sagi
681 3447 811 3498 consolari
829 3446 949 3498 dolorem.

125 3531 149 3594 8,
170 3533 212 3594 23,
232 3533 274 3584 26.
313 3536 388 3597 Quo.
415 3539 453 3587 F.:
480 3538 553 3603 quod.
594 3539 645 3588 Fur
664 3541 740 3602 jones
757 3541 812 3592 Liv.
832 3537 874 3602 21,
893 3537 938 3599 23,
959 3537 990 3590 5:
1017 3546 1047 3588 at
1069 3536 1227 3606 periculo
1247 3537 1320 3605 priua

57 3600 229 3652 evaderet.
266 3605 294 3652 ln
320 3606 420 3655 andern
442 3604 526 3655 Follen
552 3608 623 3656 kann
643 3621 704 3656 rnen
731 3608 799 3657 auch
824 3608 874 3657 deu
894 3608 1035 3658 Accusativ
1059 3610 1160 3667 setzeo,
1191 3607 1268 3657 theiis
1293 3607 1319 3656 in

57 3670 168 3719 tokatem
188 3672 275 3732 Sinne,
304 3687 325 3722 z.
343 3673 370 3721 B.
393 3669 540 3721 evadere
557 3672 661 3734 sottum,
685 3670 824 3740 asphaltes,
849 3672 936 3735 colles,
964 3681 1061 3734 castra,
1091 3675 1168 3726 theiis
1186 3675 1215 3724 in
1233 3674 1320 3724 dher-

58 3742 206 3799 tragenem,
231 3741 283 3789 wie
303 3738 450 3788 evadere
469 3738 555 3799 letum,
573 3740 675 3803 bostem,
694 3742 772 3805 dicos,
796 3743 917 3805 furorem,
945 3743 1001 3792 und
1021 3743 1134 3794 anderes
1153 3744 1233 3793 meist
1251 3742 1320 3792 nach

57 3805 265 3855 dichterischem
292 3807 440 3856 Gebrauch.
463 3834 490 3842 -
524 3806 708 3857 oberraret
738 3811 834 3860 dru’ckt
860 3811 903 3859 die
930 3809 1046 3860 lebhalte
1070 3811 1218 3872 Thatigkeit
1246 3810 1320 3859 einer

56 3872 228 3935 autgeregten
250 3878 373 3924 nnstaten
394 3875 536 3925 Phantasie
561 3876 630 3925 noch
650 3877 753 3927 starker
781 3890 831 3927 aus
854 3878 891 3927 als
914 3874 1054 3926 obaerati.
1071 3904 1104 3912 -
1131 3874 1318 3942 opulentis.

57 3940 80 3987 F.
110 3941 180 3989 nach
200 3942 272 4002 conj.
297 3941 416 4007 opulenti.
435 3969 467 3976 -
494 3942 669 3990 restituit.
703 3945 736 3993 Es
757 3958 814 3994 war
832 3946 880 3994 der
900 3945 1021 3995 officielle
1038 3944 1178 3995 husdruck
1194 3956 1249 4001 von
1266 3945 1314 3994 da·

54 4020 117 4066 uen,
149 4008 250 4058 welche
266 4023 338 4058 zwar
364 4009 522 4059 verni-theth
539 4010 605 4059 oder
627 4011 749 4074 schuldlg
772 4025 871 4074 waren,
900 4012 966 4063 aber
984 4013 1072 4063 Erlass
1093 4013 1141 4061 der
1158 4011 1245 4061 Strata
1264 4011 1318 4061 uud

53 4075 320 4192 lWiedelqeinsetzung
337 4078 363 4125 in
385 4078 428 4143 die
450 4077 557 4126 trithern
584 4078 766 4130 Verhaltuisse
786 4081 884 4143 (Gttter,
909 4080 1007 4141 Ehren‚
1032 4081 1106 4144 llang
1124 4093 1148 4128 u.
1168 4091 1189 4128 s.
1206 4080 1249 4142 w.)
1269 4093 1318 4129 cr-

64 4145 127 4204 angt
162 4145 243 4192 alten.

120 4229 146 4290 8,
167 4229 209 4292 24,
230 4230 272 4281 28.
307 4231 402 4280 More.
422 4233 448 4280 S.
468 4231 491 4294 6,
509 4230 552 4293 ta,
572 4231 707 4294 20.-8,
725 4231 766 4299 24,
785 4233 826 4287 29.
844 4235 991 4286 Praeter
1010 4234 1261 4287 Callisthenen.
1290 4237 1316 4285 S.

52 4297 79 4357 8,
100 4295 199 4360 28,19.
220 4328 251 4336 —
282 4297 308 4359 8,
325 4297 369 4358 24,
389 4296 429 4348 30.
463 4298 527 4360 (luo
548 4318 608 4351 suo
633 4303 771 4364 merito,
804 4306 855 4355 wie
883 4302 923 4366 10,
943 4301 984 4367 22,
1002 4302 1034 4355 2:
1063 4320 1131 4353 nnnc
1158 4301 1226 4352 solut
1244 4301 1316 4353 heres

50 4368 210 4430 praeteritur
229 4385 246 4416 a
262 4367 345 4416 cobis:
367 4382 428 4432 quo
446 4369 568 4418 merito
585 4369 663 4420 sato?
691 4372 726 4421 So
745 4373 799 4422 Cic.
819 4384 870 4434 pro
891 4373 959 4422 Sest.
981 4370 1021 4435 17,
1038 4369 1084 4423 39:
1108 4369 1213 4432 Caesar,
1233 4370 1277 4436 qui
1298 4387 1316 4420 a

51 4450 91 4481 me
108 4433 204 4483 nullo
222 4452 286 4484 meo
306 4435 427 4483 merito
448 4433 546 4484 alienas
567 4453 619 4488 esse
639 4437 751 4489 debebat.

118 4532 142 4596 8,
162 4532 205 4594 at,
223 4533 247 4585 2.
283 4533 335 4584 At
352 4551 386 4584 oa
403 4551 497 4584 manu
516 4535 654 4591 obiecto.
675 4540 700 4588 S.
720 4539 789 4589 Coel.
809 4538 853 4589 bei
867 4540 919 4590 Cic.
941 4539 1001 4591 lam.
1020 4536 1044 4600 8,
1066 4536 1092 4598 1,
1112 4534 1145 4588 le
1165 4553 1245 4604 neque
1263 4537 1314 4587 od-

51 4602 100 4652 tac
120 4604 185 4653 certi
202 4603 339 4669 quidquam
359 4611 405 4664 est,
430 4619 509 4671 aeque
527 4603 591 4655 haec
609 4606 710 4656 incerta
731 4613 816 4657 tamen
831 4604 907 4673 catha
925 4607 1074 4657 iactantur:
1098 4605 1143 4657 aad
1159 4605 1227 4663 inter
1244 4621 1314 4673 putt-
