2820 4964
114 174 175 241 mu
575 170 616 254 o.
639 170 780 235 curru
802 168 898 234 eurr

112 366 217 429 regum
233 342 394 409 salubriter
411 350 605 424 temperatam
628 350 658 405 et
678 341 796 406 civilem
817 341 950 405 babitum
978 338 1062 403 velut
1085 337 1199 403 leviora
1227 342 1370 423 tumuitu-

112 444 181 510 dine
203 465 258 507 sua
278 445 403 519 ducens,
423 442 560 523 persicae
582 441 682 522 regiae
705 460 761 520 par
777 441 905 503 deorum
925 437 1078 519 potentiae
1102 438 1254 519 fastigium
1273 460 1368 503 aemu

111 545 237 607 labatur.
282 536 407 602 ³laoere
425 538 508 600 humi
530 537 760 599 venerabundos
781 538 889 617 ipsum,
911 536 1113 617 paulatimque
1134 536 1296 601 servilibus
1320 538 1370 599 mi-

111 640 241 705 nisteriis
260 645 305 701 tot
318 638 449 699 victores
470 633 603 716 gentium
620 633 757 695 imbuere
778 642 809 697 et
828 633 955 713 captivis
972 652 1063 713 pares
1081 633 1182 695 iacere
1203 635 1369 714 expetebat.

110 735 231 819 iltaque
256 754 443 816 purpureum
470 732 606 792 diadema
631 730 802 793 distinctum
830 731 914 807 albo,
953 728 1043 811 quale
1069 732 1189 793 Dareus
1216 731 1370 806 babuerat,

111 836 202 916 capiti
221 830 434 907 circumdedit,
453 834 626 908 vestemque
648 827 797 906 persicam
818 827 960 908 sumpsit,
983 846 1022 888 ne
1043 844 1134 889 omen
1150 827 1275 909 quidem
1295 830 1369 891 veri-

110 941 167 1009 tus,
190 930 274 1012 quod
293 950 312 990 a
328 927 454 989 victoris
474 923 640 1004 insignibus
659 923 691 983 in
711 924 822 987 devicti
841 923 979 987 transiret
998 923 1140 987 babitum.
1185 919 1248 987 ⁵Et
1265 926 1317 987 ille
1337 946 1367 989 se

110 1028 231 1112 quidem
251 1024 349 1105 spolia
370 1024 530 1083 Persarum
551 1026 670 1100 gestare
695 1020 827 1083 dicebat:
854 1021 909 1082 sed
936 1041 1004 1083 cnm
1031 1020 1092 1083 illis
1119 1040 1243 1104 quoque
1270 1042 1366 1085 mores

109 1129 261 1199 induerat,
290 1118 523 1199 superbiamque
553 1116 671 1179 habitus
692 1117 784 1179 animi
801 1116 962 1179 insolentia
987 1117 1177 1199 sequebatur.
1221 1113 1366 1183 ⁶Litteras
1403 1128 1405 1161 ²

109 1238 239 1304 quoque,
261 1236 336 1299 quas
356 1215 387 1275 in
407 1215 560 1295 Europam
580 1214 720 1291 mitteret,
743 1215 853 1276 veteris
873 1212 958 1275 anuli
976 1232 1094 1294 gemma
1108 1214 1298 1295 obsignabat,
1316 1217 1366 1293 bis,

109 1336 184 1401 quas
195 1317 227 1378 in
237 1314 342 1376 Asiam
360 1311 514 1389 scriberet,
529 1310 621 1373 Darei
643 1310 751 1373 anulus
772 1310 1015 1391 imprimebatura
1032 1318 1067 1375 ut
1084 1320 1255 1393 appareret,
1278 1333 1367 1377 unum

108 1415 238 1478 animum
258 1411 388 1473 duorum
412 1428 475 1471 non
500 1427 610 1489 capere
639 1409 798 1471 fortunam
844 1404 987 1470 ⁷Amicos
1014 1428 1089 1471 vero
1117 1416 1148 1471 et
1177 1409 1297 1490 equites
1326 1410 1367 1488 (bi

107 1530 235 1592 namque
255 1508 409 1589 principes
430 1504 567 1583 militum)
588 1510 783 1585 aspernantes
806 1502 934 1584 quidem,
956 1504 1012 1567 sed
1031 1524 1173 1569 recusare
1193 1524 1260 1569 non
1281 1526 1367 1570 ausos

107 1608 236 1692 persicis
256 1611 417 1669 ornaverat
435 1602 579 1665 vestibus.
618 1596 769 1663 8Pellioea
791 1599 872 1663 CCC
893 1607 925 1663 et
942 1602 1010 1679 LX,
1032 1602 1165 1679 totidem,
1184 1608 1262 1685 quot
1279 1604 1367 1667 Darei

107 1709 233 1781 inerant,
256 1701 370 1781 regiam
382 1699 553 1779 implebant,
575 1718 649 1781 quas
672 1698 842 1779 spadonum
862 1716 979 1780 greges,
1000 1705 1031 1761 et
1050 1698 1110 1780 ipsi
1127 1700 1290 1765 muliebria
1310 1699 1367 1783 pati

107 1802 229 1877 assueti,
249 1797 460 1878 sequebantur.

190 1897 280 1958 XXl.
326 1887 429 1953 ⁹Haec
447 1891 521 1953 luxu
548 1897 579 1953 et
600 1890 768 1970 peregrinis
790 1892 901 1955 infecta
928 1893 1065 1957 moribus
1090 1899 1209 1957 veteres
1238 1894 1367 1975 Philippi

106 1996 231 2071 milites,
255 1990 340 2052 rudis
359 1989 441 2050 natio
464 1988 504 2049 ad
524 1987 711 2066 voluptates,
742 1987 840 2067 palam
857 1990 1087 2068 aversabantur,
1108 1990 1242 2073 totisque
1263 1992 1367 2053 castris

106 2112 184 2156 unus
206 2088 338 2152 omnium
355 2104 462 2148 sensus
484 2105 520 2146 ac
539 2102 640 2146 sermo
662 2089 734 2161 erat,
764 2084 834 2164 plus
852 2086 995 2149 amissum
1013 2087 1148 2163 nunna,
1174 2107 1269 2169 quam
1287 2088 1367 2151 bello

107 2210 173 2252 esse
196 2184 374 2269 quaesitum.
412 2178 440 2223 ¹⁰
448 2185 526 2243 'lum
547 2180 675 2242 maxime
694 2180 775 2242 vinci
792 2180 877 2260 ipsos
897 2183 1028 2266 dedique
1047 2183 1152 2247 alienis
1177 2184 1318 2249 moribus
1340 2191 1368 2247 et

106 2286 252 2370 extemis:
274 2288 372 2342 tantae
391 2298 496 2341 morae
514 2278 653 2359 pretium,
675 2277 784 2340 domos
804 2280 890 2359 quasi
911 2280 943 2341 iu
963 2281 1083 2361 captivo
1103 2281 1207 2343 babitu
1225 2300 1366 2345 reversu-

105 2404 168 2449 ros.
210 2380 329 2444 Pudere
350 2377 409 2437 iam
427 2375 483 2437 sui.
525 2377 655 2456 Regem,
677 2373 779 2451 viotis,
810 2396 899 2457 quam
917 2376 1084 2440 victoribus
1104 2377 1302 2457 similiorem,
1330 2398 1367 2441 ex

104 2477 300 2544 Macedoniae
321 2474 503 2554 imperatore
527 2472 619 2535 Darei
648 2476 788 2551 satrapen
813 2473 932 2536 iactum.
972 2469 1054 2537 “llle
1079 2493 1143 2537 non
1171 2476 1311 2555 ignarus,
1337 2484 1366 2539 et

104 2578 256 2659 principes
286 2572 451 2634 amicorum
478 2575 509 2630 et
534 2570 700 2633 exercitum
724 2569 855 2648 graviter
879 2571 1005 2649 offendi,
1034 2572 1158 2653 gratiam
1185 2572 1365 2637 liberalitate

105 2674 252 2755 donisque
274 2690 417 2758 reparare
438 2668 579 2732 tentabat
622 2664 693 2741 Sed,
716 2665 843 2744 opinor,
868 2666 972 2729 liberis
990 2669 1121 2748 pretium
1142 2670 1298 2734 servitutis
1324 2672 1365 2733 in·

104 2778 222 2852 gratum
243 2776 296 2832 est.
335 2766 359 2809 ¹2
367 2769 462 2848 Igitur
481 2785 519 2827 ne
540 2764 571 2824 iu
593 2760 770 2825 seditionem
790 2783 839 2826 res
860 2768 1039 2845 verteretur,
1060 2767 1154 2830 otium
1174 2767 1365 2852 interpellau-

104 2970 160 3027 und
180 2967 328 3021 Lebensart
344 2966 406 3019 sehr
425 2965 500 3016 stark
519 2961 676 3015 bezeichnet
692 2961 804 3012 worden
822 2975 857 3015 zu
872 2963 938 3015 sein.
960 2990 993 2999 —
1011 2960 1035 3027 6,
1051 2962 1095 3026 90,
1114 2962 1138 3015 9.
1167 2962 1317 3019 Civilem
1337 2968 1361 3017 s.

103 3035 128 3099 3,
151 3034 193 3096 19,
211 3033 235 3085 9.
256 3032 279 3095 3,
300 3030 339 3097 16,
360 3032 399 3083 19.
430 3032 516 3096 Vergl.
534 3032 594 3081 Tac.
615 3043 675 3080 aun.
702 3028 724 3090 1,
742 3026 776 3079 79
795 3043 858 3080 vom
875 3030 1010 3085 Tiberius:
1030 3034 1087 3083 'nou
1101 3038 1185 3083 tamen
1201 3033 1258 3082 ideo
1279 3034 1362 3098 sacie-

105 3103 149 3153 bat
168 3102 242 3167 {idem
260 3098 381 3150 civilis
400 3099 485 3149 animi.
514 3098 552 3148 lb.
573 3096 598 3158 1,
615 3095 857 3159 33:1Germanieol
883 3096 988 3148 ciuile
1005 3099 1141 3166 ingenium,
1158 3100 1228 3150 arira
1246 3103 1361 3153 semim.

104 3197 134 3207 -
158 3168 295 3217 leniora
312 3164 546 3231 magnitudine
562 3179 629 3213 aua.
664 3164 711 3212 Ein
729 3165 829 3214 seltner
846 3166 898 3215 Fall
915 3168 983 3217 nach
1002 3170 1101 3232 griech.
1118 3171 1172 3219 Art.
1204 3170 1278 3222 Alex.
1291 3172 1361 3222 Vor-

103 3238 216 3299 stellung
233 3249 287 3284 von
306 3236 394 3285 seiner
412 3236 511 3284 Grosse
531 3232 605 3282 dieut
623 3231 677 3281 ihm
699 3233 737 3281 als
758 3232 892 3283 Maasstab
918 3248 968 3284 zur
993 3236 1181 3299 Beurtbeilung
1193 3238 1275 3299 J'ener
1295 3239 1361 3289 Ver-

102 3306 235 3356 bitltnisse.
272 3303 358 3366 Vergl.
376 3300 403 3363 3,
420 3299 462 3360 95,
482 3297 506 3349 9.
531 3296 555 3361 3,
578 3294 676 3360 16,16.
703 3296 786 3362 5‚34,
808 3297 848 3353 18.
877 3328 908 3336 -
938 3303 1104 3368 persicae
1128 3303 1252 3369 regiae.
1291 3305 1360 3357 Nacb

102 3375 151 3431 der
168 3372 293 3434 Analogia
315 3384 368 3421 von
395 3365 519 3439 βασιλεία,
544 3366 621 3417 mehr
648 3365 776 3417 abstrakt.
816 3369 965 3421 Alexander
981 3372 1114 3423 tracbtete
1136 3372 1207 3423 nach
1224 3373 1275 3425 der
1296 3382 1359 3425 uus-

101 3456 181 3499 seren
199 3439 375 3492 Herrlichkelt
393 3440 442 3490 der
459 3436 522 3488 ecbt
537 3434 694 3499 persischen
711 3436 909 3500 Konigsmacht.

169 3527 196 3591 6,
216 3529 259 3590 90,
278 3529 301 3581 3.
337 3525 598 3579 venerabundos
618 3524 735 3591 ipsum.
752 3528 793 3578 R:
811 3527 1000 3578 ammabundor
1018 3528 1077 3594 pati
1093 3529 1183 3595 coepit.
1198 3557 1228 3569 -
1243 3526 1271 3593 6,
1282 3528 1325 3595 911,
1336 3528 1358 3581 l.

105 3599 293 3657 Transiret.
323 3598 410 3661 Vergl.
429 3598 521 3647 lustin.
543 3591 585 3655 19,
605 3591 638 3645 3:
657 3593 771 3645 habitum
789 3612 877 3663 rapum
895 3594 1033 3647 Persarum
1050 3603 1075 3646 ct
1094 3596 1213 3647 diadema
1231 3598 1360 3649 insolitum

99 3675 179 3798 paptpp
191 3663 490 3785 pqpsiq‘uplpqpeedonieis,
508 3661 607 3713 velut
622 3661 659 3711 in
682 3660 923 3729 lepaaeorum,
944 3663 1190 3731 quaesiverat,
1220 3668 1359 3719 transi-

168 3822 192 3889 6,
214 3823 255 3888 90,
274 3822 299 3875 5.
335 3823 444 3873 lllorea
473 3821 651 3873 induerat.
682 3823 708 3871 S.
733 3822 787 3871 Liv.
807 3818 851 3882 97,
868 3819 895 3883 8,
915 3819 947 3873 6:
974 3822 1047 3872 enuit
1074 3823 1193 3889 antipam
1214 3842 1308 3877 omres.
1337 3825 1358 3883 tl.

101 3893 141 3960 18,
162 3891 191 3945 9;
210 3892 343 3960 ingenium,
364 3891 431 3961 quod
450 3890 498 3941 sibi
516 3890 600 3941 uictor
616 3888 743 3939 induerat.
776 3887 798 3953 1,
821 3886 865 3950 56,
888 3890 918 3941 7:
937 3888 1124 3943 simulationem
1142 3890 1256 3945 induere.
1279 3923 1312 3933 -
1336 3892 1358 3957 6,

99 3963 140 4027 90,
161 3962 186 4016 7.
213 3961 254 4012 lli
272 3978 420 4028 nonique.
449 3960 489 4010 1⁷.:
516 3975 620 4025 cumque
645 3956 692 4008 liis.
723 3958 808 4021 Vorgl.
827 3955 853 4017 6,
873 3954 916 4019 sl,
935 3956 976 4009 91.

168 4029 192 4095 6,
208 4029 250 4095 91,
267 4028 291 4082 9.
322 4028 419 4080 llaec.
462 4030 568 4079 Curtius
593 4026 657 4078 liebt
683 4027 727 4078 die
752 4026 924 4089 allgemelnen
944 4027 1130 4091 Wendungen,
1154 4028 1207 4089 die,
1240 4031 1301 4081 weil
1320 4032 1358 4081 sto

99 4101 175 4151 mehr
195 4101 337 4161 andoutcn,
357 4100 395 4149 als
414 4096 591 4157 ausdruclren,
617 4096 665 4145 der
684 4094 852 4157 Darstellung
877 4095 955 4145 einen
982 4096 1115 4159 gewisseu
1130 4096 1192 4146 lleiz
1212 4098 1358 4151 vorleilren.

101 4196 129 4205 -
159 4169 302 4232 insecta.
335 4168 359 4217 S.
377 4168 431 4216 Cic.
451 4165 485 4215 de
502 4166 550 4227 leg.
571 4161 595 4225 3,
615 4160 662 4212 13:
683 4160 864 4227 cupiditatibus
878 4161 1023 4227 principum
1042 4168 1067 4212 et
1083 4162 1153 4213 uitiis
1171 4163 1278 4228 infici
1295 4164 1359 4217 solet

100 4242 156 4286 tota
175 4236 317 4286 eisitan·
337 4233 431 4285 rudis
449 4232 497 4281 ad.
531 4234 556 4281 S.
575 4245 608 4281 zu
625 4226 650 4292 11,
672 4227 713 4292 39,
730 4227 753 4281 4.

166 4325 192 4388 6,
216 4325 257 4386 91,
286 4326 324 4377 10.
369 4326 443 4375 Tum
470 4322 620 4373 munima.
657 4321 776 4372 Andura:
805 4320 1018 4385 quummaxime,
1051 4328 1117 4372 tum
1144 4325 1358 4389 quonum

100 4394 126 4442 S.
144 4391 168 4455 3,
188 4393 214 4454 5,
234 4393 274 4444 17.
298 4421 325 4430 -
351 4393 505 4460 pretium.
541 4388 767 4440 Wahrscbeinllob
785 4389 821 4439 ist
840 4402 874 4438 zu
898 4389 986 4440 lesen:
1012 4390 1163 4457 qnodque
1188 4397 1280 4441 tacitae
1302 4408 1359 4441 mo-

99 4476 146 4509 rae
168 4463 286 4526 pretium.
308 4488 335 4498 —
367 4460 504 4527 captiuo
530 4455 658 4507 babitu.
699 4454 820 4522 Captiaur
840 4457 927 4507 eiuem
954 4457 1123 4523 Gelangoneu
1145 4458 1357 4575 elpentbttmlicb,

100 4529 277 4590 augehorend.
313 4530 337 4578 S.
357 4530 417 4578 Tac.
438 4530 466 4578 A.
487 4523 526 4588 11,
546 4523 592 4576 3οε
612 4539 704 4573 cruore
721 4525 822 4589 captivo
841 4522 944 4574 adolere
961 4541 1062 4575 arus—
1074 4527 1117 4591 [aa
1138 4525 1172 4575 lia
1188 4524 1273 4579 ebant.

166 4613 194 4679 6,
208 4615 250 4679 91,
269 4616 308 4668 11.
335 4617 516 4684 Rapui-nra
536 4618 578 4668 lia
599 4630 758 4681 reciperare.
786 4614 851 4683 llap
859 4631 966 4667 arara
983 4617 1216 4679 wiederbereitem
1234 4620 1357 4675 wieder-
