2820 4964
440 234 490 300 vt.
511 234 561 300 vt.
584 240 620 300 17
640 273 663 281 -
680 239 730 300 11.
752 234 820 301 VH.
845 241 949 300 1-8.
1265 236 1321 300 181

64 403 258 481 amprcsoque
274 405 445 482 perdomui,
475 402 574 483 ³erce,
597 407 662 467 orsi
683 404 795 466 bellum
817 404 854 465 ab
876 407 1069 484 Hellesponto
1096 411 1201 480 lonas,
1224 405 1323 466 Aeoli-

64 499 132 558 dem
153 501 274 560 seroits’o
294 499 455 563 barbariae
478 505 653 582 impotentis
673 504 849 578 exemimus,
872 501 1011 576 Cariam,
1031 505 1180 581 Lydiam,
1203 503 1321 581 Cappa-

64 596 202 670 doa'am,
231 597 417 677 Phrygiam,
446 599 709 678 Paphlagoniam,
739 599 973 678 Pamphyliam,
1001 599 1138 672 Pisidas,
1166 598 1320 674 Ciliciam,

62 691 197 771 Syriam,
220 695 399 770 Phoenicen,
425 696 614 769 Armeniam,
635 695 807 770 Persidem,
826 695 950 769 Medos,
973 693 1160 754 Parthienen
1181 692 1322 755 babemus

62 789 97 846 in
114 798 279 867 potestate:
314 786 438 871 4plures
453 793 631 870 prouincias
649 793 824 870 complexus
844 811 921 867 sum,
941 809 1033 868 quam
1054 791 1115 850 alii
1132 787 1220 849 nrbes
1238 809 1320 868 cepe-

61 893 148 960 rant,
170 895 200 946 et
212 890 319 963 nescio,
340 909 383 948 an
395 889 593 948 enumeranti
610 886 689 946 ms'lti
698 887 847 966 quaedam
870 887 1009 965 ipsarum
1030 905 1134 946 rerum
1155 885 1320 947 multitudo

60 979 249 1044 subduxerit.
295 980 421 1061 ⁵Itaque
441 985 471 1043 si
491 984 654 1059 crederem,
686 985 760 1043 satis
778 992 894 1045 eertum
912 1002 972 1043 esse
987 985 1201 1061 possessionem
1225 990 1321 1043 terra

59 1097 149 1153 rum,
177 1099 253 1157 quas
271 1087 362 1140 tanta
384 1081 541 1141 oeloa'tate
562 1080 749 1155 domuimus,
779 1100 833 1159 ego
860 1099 946 1155 aero,
974 1077 1099 1159 milites,
1126 1080 1171 1141 ad
1192 1086 1320 1159 penates

59 1193 155 1249 saeos,
189 1175 233 1235 ad
247 1184 408 1255 parentem
430 1196 601 1256 sororesque
628 1184 659 1237 et
688 1184 799 1238 ceteros
818 1180 912 1254 oiaes,
939 1177 988 1236 uel
1006 1175 1208 1238 retinentibus
1229 1173 1317 1251 uobis,

58 1292 264 1350 erumperem,
292 1279 330 1332 nt
346 1271 391 1333 ibi
402 1276 595 1353 potissimum
612 1281 708 1352 parta
728 1272 880 1335 nauseam
900 1272 992 1332 laude
1012 1281 1043 1333 et
1060 1275 1165 1352 glorta
1174 1272 1318 1354 fruerer,

60 1366 117 1427 ubi
130 1388 185 1429 nos
205 1368 360 1430 uberrima
380 1371 526 1431 uictoriae
538 1373 682 1448 pruentia
701 1375 877 1447 expectant,
896 1366 1040 1444 liberum,
1071 1373 1237 1448 contingam
1260 1389 1318 1448 pa-

58 1473 243 1544 rentumque
260 1467 394 1542 laetitia,
417 1485 502 1546 par,
531 1469 631 1546 quies,
657 1484 761 1525 rerum
777 1483 836 1541 per
856 1464 1001 1523 uirtutem
1021 1472 1190 1542 partarum
1212 1484 1319 1524 secura

53 1564 207 1638 possessio.
246 1559 329 1623 6Sed
345 1564 379 1622 in
401 1581 478 1622 nouo
498 1563 583 1639 et(si
602 1581 707 1623 ueram
718 1559 829 1640 fateri
849 1559 1006 1637 uolumus)
1021 1562 1164 1638 precario
1184 1562 1319 1638 imperto,

58 1659 161 1717 adbuc
181 1661 290 1737 iugum
308 1663 374 1720 eius
393 1659 499 1738 rigida
517 1661 632 1730 enaim
650 1653 846 1717 subeuntibus
867 1653 1013 1731 barbaris,
1037 1663 1178 1735 tempore,
1197 1656 1319 1733 milites,

59 1774 135 1831 opas
155 1763 211 1830 est,
240 1756 313 1816 dam
334 1754 506 1815 melioribus
526 1757 660 1834 ingeniis
686 1751 870 1815 imbuuntur
896 1759 927 1812 et
943 1749 1089 1830 fferatos
1110 1754 1232 1815 mollior
1248 1773 1319 1816 aon-

59 1851 186 1910 suetudo
192 1854 369 1929 permulcet.
407 1849 547 1931 ⁷Fruges
569 1873 685 1931 qnoque
706 1851 921 1910 maturitatem
941 1854 1057 1908 statuto
1077 1856 1208 1929 tempore
1229 1869 1318 1929 erpe-

59 1954 164 2006 etant:
195 1949 268 2008 adeo
282 1951 374 2010 ettam
390 1949 447 2009 illa
466 1970 569 2010 sensus
591 1951 690 2010 omnis
708 1949 847 2027 expertia
865 1955 969 2008 tamen
986 1963 1044 2005 sua
1062 1946 1127 2025 lege
1145 1949 1317 2007 mitescant.

60 2044 188 2113 siluid?
210 2047 350 2121 creditis,
378 2053 423 2106 tot
439 2055 552 2125 gentes,
575 2048 704 2107 alterius
726 2047 853 2124 imperio
875 2064 914 2104 ae
937 2043 1061 2102 nomine
1080 2052 1230 2120 assuetas,
1253 2064 1316 2104 non

58 2142 163 2215 sacris,
184 2161 247 2200 non
258 2140 399 2215 moribus,
421 2162 484 2201 non
498 2144 675 2203 commercio
686 2139 979 2219 lingnaenobiscum
997 2139 1196 2217 collucentes,
1216 2139 1316 2200 eodem

52 2239 173 2315 proelio
196 2237 326 2295 domitas
346 2256 419 2310 esse,
448 2258 505 2313 quo
526 2240 623 2298 niolae
643 2241 741 2298 sunt?
776 2235 885 2297 Vestris
903 2236 1000 2294 armis
1022 2238 1236 2308 eontinentur,
1253 2255 1317 2296 non

57 2335 123 2392 suis
144 2329 285 2405 moribus,
305 2337 336 2391 el
356 2332 411 2406 qui
420 2338 595 2407 praesentes
613 2338 764 2407 metuant,
786 2331 821 2391 in
841 2329 978 2391 absentia
998 2330 1093 2392 bostes
1110 2339 1211 2393 erunt.
1241 2330 1317 2394 Ottm

48 2430 139 2510 feris
162 2426 261 2486 bestiis
281 2446 329 2485 res
349 2433 400 2501 est,
421 2446 496 2503 quas
517 2435 622 2506 captas
644 2434 675 2487 et
695 2429 840 2502 inclusas,
858 2428 932 2507 quia
953 2428 1092 2506 apsarum
1113 2434 1232 2487 natura
1253 2447 1315 2488 non

53 2531 165 2606 potest,
185 2524 307 2603 longior
329 2523 391 2584 dies
411 2523 543 2603 mitigat.

130 2700 156 2761 b,
176 2700 201 2761 7,
222 2699 245 2752 3.
281 2701 369 2752 Eece
389 2703 416 2752 in
436 2701 566 2754 lebhatbec
586 2700 657 2752 Rode
674 2699 717 2752 bei
732 2701 932 2766 Entwiokalung
945 2699 1253 2765 zusammenha'ngendar
1265 2700 1317 2751 Be-

60 2769 244 2834 gebanheiten‚
263 2785 308 2820 um
327 2771 376 2821 das
395 2771 531 2821 Eintreten
551 2772 625 2821 einos
645 2773 850 2832 uneswartaten,
871 2770 1036 2833 plbtzlichen,
1062 2783 1156 2830 neuen,
1176 2773 1318 2831 grbssaren

59 2839 226 2902 Ereignisses
244 2852 277 2887 zu
296 2839 436 2889 schildasn.
457 2866 487 2874 -
511 2838 586 2888 orsi.
611 2837 726 2898 11111111,
747 2839 797 2888 wia
814 2840 856 2888 Z.:
878 2852 997 2888 orsum.
1036 2838 1089 2887 Dar
1107 2836 1319 2899 Gadankangang

60 2908 107 2955 ist:
128 2908 170 2955 lhr
188 2906 253 2955 habt
271 2908 383 2957 Grosses
402 2907 509 2969 gethan,
527 2906 667 2966 Soldatan3
685 2907 728 2957 ich
745 2906 797 2955 wilt
810 2906 883 2956 nicht
901 2919 952 2954 von
967 2905 1071 2966 Europa
1089 2904 1235 2967 spseohon:
1253 2903 1318 2953 aber

58 2975 129 3035 seht,
143 2975 232 3024 indam
248 2975 297 3022 1111
313 2975 365 3023 den
384 2975 461 3038 Krieg
480 2989 523 3023 am
541 2974 695 3037 Hellespont
712 2973 853 3037 hagonnen
870 2972 968 3032 haben,
993 2971 1080 3022 haban
1101 2973 1152 3021 wir
1167 2973 1235 3033 jotzt
1251 2985 1318 3034 ganz

57 3043 137 3091 Asien
156 3042 198 3091 bis
218 3042 357 3092 Parthiena
374 3043 419 3090 hin
439 3041 627 3092 untesworien.
665 3039 734 3091 Ecce
752 3043 847 3106 gehbrt
864 3040 939 3091 nicht
957 3055 991 3090 zu
1017 3041 1069 3091 den
1088 3039 1215 3090 nachstan
1236 3039 1316 3088 Wor-

58 3113 112 3170 ten,
139 3110 256 3160 sondarn
278 3110 349 3159 tonkt
366 3110 410 3160 dia
429 3107 669 3161 Aufmosksa'rnkeit
692 3109 739 3170 aui
762 3110 811 3161 das
830 3109 949 3159 Rasultat
975 3109 1024 3159 des
1048 3121 1150 3173 ganzcn
1167 3105 1317 3171 Fatdzuges.

60 3178 145 3241 Vargt.
166 3173 578 3240 1111111111ρ16.9,15,10.-
605 3175 646 3226 ab
664 3175 900 3244 Hellesponto.
925 3177 967 3228 F.:
995 3175 1037 3226 nd
1051 3173 1314 3242 Hellespontum.

57 3247 84 3294 S.
104 3247 157 3295 Liv.
175 3241 218 3305 31,
235 3242 276 3307 19,
296 3241 328 3296 6:
354 3244 386 3294 ab
404 3244 540 3311 Liparibus
558 3261 632 3295 orsus
650 3252 688 3296 est
709 3243 807 3295 bellum.

127 3333 220 3399 6,7,1.
248 3335 465 3388 Subdunerit.
494 3339 519 3387 S.
532 3336 556 3400 9,
569 3333 593 3398 b,
608 3333 655 3386 34:
675 3353 722 3386 nec
741 3335 926 3388 subducere
945 3335 1064 3398 sustineo,
1083 3351 1149 3402 quae
1165 3335 1261 3402 meepi.
1284 3362 1315 3374 -

55 3402 84 3464 6,
101 3403 127 3464 7,
149 3403 172 3455 5.
209 3403 458 3455 detinentibus.
491 3406 532 3455 F.:
553 3404 725 3455 renitentibus.
766 3403 851 3454 aean
869 3405 963 3455 deutet
979 3405 1026 3454 aut
1040 3403 1152 3464 arianen,
1171 3405 1314 3466 3111111111-

56 3487 121 3523 men
132 3473 310 3535 Wtderstand,
328 3473 436 3522 retinere
449 3473 572 3524 schliosst
589 3475 753 3537 wanigstons
773 3475 833 3524 eina
850 3473 961 3522 mildere
981 3472 1060 3522 Form
1077 3470 1126 3522 der
1146 3469 1316 3536 [1111111131-

57 3543 141 3591 weisa
161 3541 235 3590 nicht
253 3554 310 3591 aus.
330 3568 358 3577 -
388 3539 538 3590 liberum.
566 3541 605 3591 R:
635 3538 780 3590 liberorum.

126 3629 150 3694 6,
169 3629 193 3692 7,
212 3628 236 3681 6.
272 3631 448 3681 Preeario.
485 3635 510 3682 S.
535 3648 568 3683 zu
587 3629 887 3696 taut-rutae
905 3629 1043 3680 cervice.
1071 3632 1097 3680 S.
1112 3630 1178 3682 11111.
1196 3627 1315 3692 1,11,1;

55 3716 126 3751 nova
141 3713 214 3766 pars:
235 3699 339 3748 necdum
360 3707 477 3751 assuetae
495 3700 577 3763 frenis
598 3701 728 3751 servitutis
755 3697 903 3749 tumidae
923 3698 1067 3769 pontium
1091 3696 1318 3764 inflataeque

56 3768 213 3819 cervices
240 3767 272 3817 ab
297 3767 413 3834 imposito
437 3784 518 3833 nuper
540 3769 598 3833 inpo
624 3767 779 3820 resiliebant.
807 3768 903 3816 Lucan.
923 3763 948 3828 1,
968 3763 1027 3816 5119.
1049 3763 1116 3816 51οι
1140 3765 1213 3815 uultu
1233 3774 1317 3819 tamen

55 3836 116 3887 alta
134 3836 228 3885 minaci
250 3833 379 3887 Nobilitas
401 3842 499 3885 recta
516 3836 615 3899 ferrum
634 3836 771 3887 cervice
790 3832 913 3906 poposcit.
935 3861 966 3868 -
993 3831 1316 3906 imbuuntur-per-

55 3903 192 3954 mulcet.
224 3905 262 3954 F.:
291 3901 653 3970 imbuantur-permnlceat.
693 3905 744 3954 Fur
762 3904 813 3956 den
834 3901 905 3963 conj.
936 3901 1039 3964 spritthi
1063 3901 1112 3951 der
1136 3903 1317 3966 gewahnliche

55 3973 207 4024 Gobrauch.
229 4000 256 4008 —
280 3972 430 4038 inpeniis
456 3969 645 4021 imbuantur
672 3973 706 4022 ist
727 3969 936 4034 ungewithnlioh
972 3969 1031 4018 Man
1052 3971 1112 4032 sagi
1135 3968 1247 4022 animum
1264 3969 1315 4018 tm.

56 4041 133 4090 buere
147 4042 214 4090 oder
223 4039 301 4088 imbui
318 4056 353 4102 re,
375 4055 396 4090 z.
412 4041 437 4089 B.
450 4037 616 4106 opinionibus,
635 4037 823 4097 consuetudine,
844 4035 1029 4105 superstitione,
1048 4034 1178 4101 religione,
1196 4035 1315 4088 moribus.

55 4113 82 4159 S.
105 4109 159 4157 Liv.
180 4106 201 4169 1,
222 4105 265 4168 11,
285 4106 315 4158 1:
340 4107 443 4158 deorum
461 4107 568 4158 assidua
587 4107 699 4158 insidens
724 4121 871 4156 cura-ea
894 4104 991 4171 pietate
1015 4103 1126 4152 omnium
1141 4109 1248 4170 pectora
1265 4104 1315 4154 im-

57 4177 155 4225 buerat.
194 4177 242 4227 Die
260 4176 481 4239 eigenthttmlioho
499 4177 656 4240 Badeutung
676 4190 729 4226 von
747 4173 874 4239 inueniunt
899 4174 958 4222 tritt
976 4173 1034 4222 hier
1060 4185 1128 4235 ganz
1151 4173 1261 4223 111111111-
1283 4200 1311 4210 -

52 4242 252 4361 ρενὲηιιὶὶεει.
284 4246 310 4295 S.
328 4244 383 4295 Liv.
404 4241 431 4303 7,
448 4238 489 4306 to,
508 4242 540 4293 1:
560 4242 672 4296 omnibus
692 4242 814 4296 memoria
832 4240 936 4312 patrino
954 4240 1010 4291 iras
1028 4236 1172 4305 permulsit.
1205 4240 1262 4292 Und
1282 4255 1315 4293 zu

55 4312 81 4374 6,
104 4311 117 4362 1
138 4348 146 4373 ‚
165 4311 207 4365 ι11.

125 4401 151 4464 6,
170 4402 193 4464 7,
212 4402 237 4454 8.
277 4403 316 4452 ln
335 4402 504 4453 absentio.
540 4405 570 4454 D.
591 4404 615 4453 h.
635 4404 708 4454 nicht
725 4399 848 4461 absentes,
876 4401 994 4450 sandarn
1014 4397 1159 4450 absentibus
1183 4399 1264 4450 nabis.
1284 4429 1311 4443 -ι

57 4473 196 4537 lonpior
213 4470 294 4533 dies,
315 4474 357 4523 ain
377 4473 498 4536 tangerer
513 4473 654 4522 Zeitraum.
687 4473 724 4521 111
745 4471 802 4520 sich
820 4471 856 4519 ist
874 4482 903 4518 as
925 4469 999 4518 nieht
1016 4467 1163 4528 autfaltend,
1182 4469 1245 4519 dass
1266 4470 1315 4521 der

54 4554 154 4605 angero
179 4541 280 4604 Bogrifl,
312 4540 397 4590 durch
420 4540 539 4590 walchen
565 4539 613 4590 dar
637 4545 769 4602 grassare,
799 4537 983 4600 allgemainara
1005 4536 1147 4599 gleichsam
1174 4550 1313 4604 gamesson

55 4609 133 4669 wind,
159 4609 202 4660 dia
227 4609 306 4658 Stella
334 4608 474 4659 desselben
501 4608 612 4658 vertsitt.
660 4606 742 4657 1111111
766 4605 815 4655 das
838 4603 1005 4666 adjectivum
1031 4603 1152 4674 11111111,
1177 4605 1241 4656 dass
1266 4607 1314 4677 dap

54 4675 249 4741 Grundbegffl
266 4676 315 4728 das
333 4676 382 4738 W,
411 4690 443 4728 zu
465 4676 527 4731 dem
545 4675 689 4740 sichjenas
708 4687 757 4738 gas
776 4672 850 4724 nieht
867 4671 978 4734 schitkt,
1003 4685 1070 4738 ganz
1096 4672 1123 4722 in
1148 4671 1201 4729 (1111
1230 4674 1314 4738 aliga,
