2820 4964
90 170 155 237 ms
556 170 595 249 o.
628 169 885 267 cananeum

179 340 226 400 lll.
269 334 367 417 ¹⁷lpse
387 338 485 399 attinio
506 339 619 400 infinita
641 340 817 418 complexus
844 344 1003 413 statuerat,
1030 338 1114 399 omni
1141 338 1182 397 ad
1208 337 1353 399 orientem

98 437 244 498 maritima
265 436 389 513 regione
406 437 583 513 perdomita,
604 457 642 497 ex
664 438 754 515 Syria
775 443 878 515 petere
900 435 1040 508 Africam,
1062 432 1239 511 Carthagini
1264 434 1356 494 inien-

98 553 167 594 sus:
188 533 257 591 inde
279 533 441 593 Numidiae
458 533 669 594 solitudinibus
689 533 854 612 peragratis
873 552 994 593 cursum
1015 531 1110 593 Gadis
1131 529 1275 609 dirigere.
1316 531 1358 590 lbi

99 649 227 709 namque
251 629 406 689 columnas
427 629 566 690 Herculis
594 650 660 690 esse
688 630 767 689 fama
793 629 977 709 vulgaverat.
1015 623 1042 667 ¹⁸
1051 627 1216 706 Hispanias
1244 627 1358 699 deinde,

101 746 175 805 quas
196 726 323 785 iberiam
352 725 461 785 Graeci
488 746 506 785 a
532 726 653 785 fluntine
680 726 768 786 lbero
795 726 957 799 vocabant,
986 722 1083 796 adire;
1113 730 1146 783 et
1171 724 1358 802 praetervehi

99 822 194 899 Alpes
212 822 371 901 italiaeque
393 840 492 895 oram,
512 823 592 881 unde
612 822 641 881 in
664 823 788 901 Epirum
806 822 907 882 brevis
928 840 1035 882 cursus
1054 824 1108 881 est
1146 813 1283 897 ¹⁹lgitur
1299 822 1356 881 ble-

101 919 286 996 sopotarniae
307 917 495 996 praetoribus
514 918 684 997 imperavit,
714 918 836 978 materia
864 917 894 977 in
913 918 1028 978 Libano
1056 921 1161 977 monte
1192 937 1286 979 caesa
1311 918 1355 977 de-

101 1021 247 1094 vectaque
264 1016 303 1074 ad
322 1014 427 1073 urbem
450 1015 555 1091 Syriae
577 1017 780 1093 Thapsacum,
811 1014 1064 1093 septingentarum
1091 1012 1214 1074 carinas
1242 1014 1354 1075 navium

101 1130 233 1188 ponere:
254 1112 431 1187 septiremes
452 1131 556 1171 omnes
579 1132 645 1171 esse
668 1111 837 1191 deducique
858 1110 1065 1188 Babyloniam.
1108 1108 1301 1188 Cypriorum
1317 1131 1355 1171 re

102 1207 191 1282 gibus
212 1207 397 1284 imperatum,
421 1214 454 1268 ut
476 1227 527 1268 aes
547 1214 745 1288 stuppamque
767 1216 797 1267 et
815 1207 882 1267 vela
904 1207 1089 1286 praeberent.

192 1296 313 1362 ²⁰llaee
333 1308 432 1381 agenti
451 1305 523 1365 Pori
546 1312 576 1363 et
597 1305 710 1365 Taxilis
736 1323 840 1382 regum
864 1303 981 1363 litterae
1009 1297 1186 1379 traduntur,
1215 1302 1356 1365 Abisaren

102 1397 219 1472 morbo,
242 1398 419 1477 Philippum,
442 1401 740 1479 praefeetnmipsius,
764 1399 936 1460 exvnlnere
956 1398 1101 1474 interisse,
1124 1418 1356 1482 oppressosque,

104 1494 155 1572 qui
173 1494 380 1557 vulnerassent
408 1518 484 1559 eum.
526 1492 653 1576 ²¹lgitur
672 1497 812 1575 Philippo
837 1496 988 1557 substituit
1011 1495 1254 1559 Eudaemonem.
1298 1500 1357 1558 Dux

104 1598 168 1650 erat
187 1593 345 1654 Thracum.
388 1593 521 1655 Abisaris
542 1614 667 1672 regnum
687 1593 749 1654 filio
772 1593 837 1653 eius
857 1593 999 1653 attribuit.
1392 1666 1395 1673 Ι

186 1689 238 1749 lV.
275 1684 440 1751 22νέηῐιιιιι
460 1696 506 1750 est
527 1691 635 1750 deinde
653 1690 830 1768 Parsagada.
872 1689 994 1751 Persica
1010 1694 1058 1750 est
1079 1707 1171 1764 gens,
1202 1689 1294 1751 ouius
1320 1708 1357 1751 sa

103 1789 204 1861 trapes
227 1785 352 1846 Orsines
372 1794 442 1861 erat,
462 1787 616 1847 nobilitate
641 1808 677 1846 ae
700 1786 809 1846 divitiis
831 1785 909 1846 inter
930 1805 1033 1846 ornnes
1051 1784 1204 1846 barbaros
1224 1785 1357 1846 eminens

103 1875 242 1943 ²³Genus
254 1883 384 1943 ducebat
404 1883 525 1962 aCyro,
548 1884 696 1963 quondam
719 1903 789 1961 rege
808 1884 984 1955 Persarmn;
1007 1900 1082 1960 opes
1104 1888 1136 1942 et
1156 1902 1177 1941 a
1199 1882 1358 1943 maioribus

104 1978 228 2038 traditas
239 1980 366 2039 babebat
378 1984 408 2039 et
428 1980 492 2057 ipse
512 1980 604 2058 longa
622 1979 739 2059 imperii
759 1980 953 2057 possessione
972 1977 1188 2039 ounrulaverat.
1221 1972 1287 2039 ²⁴ls
1303 1978 1357 2057 regi

106 2095 173 2135 oum
197 2075 293 2135 omnis
312 2075 430 2153 generis
454 2076 550 2151 donis,
569 2097 631 2137 non
652 2076 709 2154 ipsi
728 2075 820 2135 modo
843 2095 900 2149 ea,
913 2075 967 2135 sed
987 2075 1075 2135 etiarn
1097 2074 1208 2137 amieis
1231 2076 1358 2137 eiusde

106 2180 203 2244 turus,
220 2172 362 2232 occurrit.
394 2174 549 2254 Equorum
576 2173 680 2233 domiti
694 2191 801 2251 greges
817 2171 1025 2251 sequebantur,
1045 2192 1219 2253 currusque
1240 2180 1357 2253 argento

107 2274 136 2327 et
160 2288 234 2327 auro
256 2268 407 2343 adornati,
435 2272 567 2348 pretiosa
589 2270 742 2348 supellex,
766 2276 796 2328 et
822 2268 940 2328 nobiles
961 2287 1111 2346 gemmae,
1134 2289 1237 2332 aurea
1268 2270 1358 2350 magni

108 2362 250 2440 ponderis
261 2382 340 2437 vasa,
359 2372 516 2447 vestesque
532 2386 709 2444 purpureae,
733 2372 762 2425 et
773 2365 880 2442 signati
900 2365 1013 2441 argenti
1033 2364 1176 2426 talentum
1197 2367 1257 2427 tria
1279 2368 1358 2427 milia

106 2454 282 2520 ²⁵Cetermn
311 2468 391 2523 tanta
418 2463 584 2540 benignitas
612 2463 742 2522 barbaro
779 2480 868 2520 eausa
904 2461 1009 2521 mortis
1037 2461 1101 2522 luit.
1155 2462 1240 2523 Nam
1276 2483 1358 2544 quum

106 2576 211 2617 omnes
226 2556 339 2616 amieos
352 2559 430 2635 regis
451 2559 538 2618 donis
560 2577 653 2636 super
673 2557 809 2636 ipsorum
827 2563 899 2617 vota
918 2556 1068 2631 coluisset,
1081 2558 1207 2636 Bagoae
1229 2558 1358 2638 spadoni,

107 2653 158 2732 qui
185 2652 389 2712 Alexandrum
419 2654 565 2733 obsequio
599 2653 737 2732 eorporis
764 2654 938 2713 devinxerat
966 2653 1039 2727 sibi,
1065 2652 1182 2714 nullum
1219 2657 1358 2717 honorem

106 2748 218 2809 habuit.
256 2744 531 2830 26Admonitusque
560 2770 577 2810 a
606 2751 802 2830 quibusdam,
830 2769 918 2830 quam
948 2748 1121 2809 Alexandro
1156 2752 1249 2813 cordi
1278 2758 1359 2829 esset,

107 2846 277 2923 respondit,
307 2848 419 2907 amieos
443 2848 537 2927 regis,
558 2866 620 2906 non
644 2855 747 2906 scorta
768 2866 800 2906 se
824 2846 944 2921 colere,
970 2865 1027 2906 neo
1049 2847 1144 2907 moris
1166 2868 1237 2911 esse
1259 2848 1359 2923 Persia,

105 2962 204 3003 mares
219 2944 338 3018 ducere,
362 2945 413 3024 qui
436 2952 541 3022 stupro
561 2942 805 3003 effeminarentur.
838 2938 929 3003 2⁷llis
951 2941 1059 3003 auditis
1081 2943 1179 3021 spado
1202 2946 1360 3023 potentiam

108 3037 219 3114 flagitio
243 3046 272 3099 et
292 3036 623 3121 deelecore‘quaesitam
653 3040 682 3098 in
707 3045 798 3117 eaput
819 3037 997 3100 nobilissimi
1020 3045 1050 3099 et
1070 3038 1202 3101 insontis
1224 3042 1361 3105 exercuit.

177 3258 216 3308 10.
235 3258 260 3318 3,
281 3258 321 3308 17.
360 3258 411 3307 Ad
430 3261 609 3320 orientem,
629 3263 679 3309 wia
698 3257 723 3320 1,
744 3258 850 3319 37,16:
870 3260 905 3309 ad
923 3260 1027 3309 orientis
1045 3258 1159 3327 plagam.
1195 3263 1286 3327 vergi.
1306 3265 1363 3314 Plin.

108 3341 166 3389 epp.
188 3325 212 3389 9,
231 3325 269 3387 13,
291 3326 335 3376 11:
362 3328 508 3376 rraarinabat
526 3328 657 3393 quendam,
676 3329 719 3392 qui
738 3336 797 3377 tanc
814 3327 857 3377 ad
875 3328 1039 3377 orientem
1058 3326 1248 3394 amplissimum
1266 3332 1363 3381 exerei-

110 3401 161 3442 tum
180 3411 231 3443 aaa
248 3396 301 3442 sine
319 3396 417 3459 maquis
437 3395 567 3461 dubiisque
583 3396 725 3445 rurttoribus
744 3394 879 3445 obtinebat.
895 3424 927 3431 -—
945 3412 1078 3444 cursam
1094 3396 1257 3462 dirigere.
1287 3402 1314 3451 S.
1330 3401 1365 3448 l'r.

108 3464 171 3512 Mitt.
191 3463 211 3523 1,
230 3460 263 3511 6:
284 3462 414 3511 Miltiades
436 3464 554 3512 nroraadi
580 3472 673 3530 tempus
699 3481 750 3513 rtaa
774 3462 867 3512 itabens
888 3479 1022 3512 cursum
1047 3463 1180 3512 diremit
1207 3482 1261 3531 quo
1283 3466 1366 3516 teudr-

109 3529 152 3577 bat
169 3530 539 3650 ρέωεηίιᾳέιεόΰήοέεωιεεωη,
552 3560 580 3568 -
600 3549 637 3581 eo
648 3531 781 3581 laninas.
802 3533 841 3581 l'.:
861 3530 1009 3580 eolermnam.
1025 3558 1054 3568 -·
1077 3532 1170 3595 [ama
1189 3550 1207 3581 a
1216 3550 1236 3583 a
1246 3532 1281 3600 tq
1290 3550 1367 3584 aaa·

107 3604 171 3649 rai.
217 3614 274 3647 .zu
314 3598 381 3660 ,'5,
401 3606 426 3646 ⁸.

176 3690 218 3751 10,
239 3689 262 3752 3,
285 3688 325 3740 m.
363 3691 557 3758 Imperavit.
590 3693 689 3753 Wegen
720 3691 768 3739 der
798 3690 916 3740 seltenen
942 3692 1129 3742 construction
1157 3694 1245 3755 vergi.
1275 3695 1370 3757 Zumpt

110 3765 151 3811 Gr.
171 3763 193 3824 g.
213 3758 270 3810 617.
309 3761 453 3810 hullallead
472 3763 506 3810 ist
525 3775 582 3820 nair,
609 3760 672 3808 dass
692 3759 749 3808 sich
768 3758 846 3808 beide
866 3759 1089 3808 Constructionem
1115 3758 1173 3808 hier
1191 3760 1321 3811 ablosen.
1343 3789 1368 3797 -

111 3829 334 3895 Thapsacum,
356 3830 667 3895 septinqentarum.
706 3827 778 3875 Naclr
798 3827 886 3887 Cani:
913 3826 956 3874 F.:
987 3824 1145 3891 Thapsacum
1163 3824 1320 3891 argentium.
1343 3855 1369 3865 -

109 3899 252 3946 carinas
269 3897 405 3946 naniam
422 3912 560 3962 ponere,
587 3896 638 3943 wie
656 3895 710 3944 Liv.
728 3892 772 3953 98,
792 3889 832 3952 aa,
853 3891 901 3942 at:
921 3893 1029 3957 triqiata
1045 3893 1184 3941 naniam
1201 3896 1372 3949 carinae.

108 3966 199 4031 aiqinti
226 3966 422 4031 quinqueremes,
450 3964 534 4012 decem
557 3962 736 4027 quadriremes,
764 3976 839 4026 qaam
866 3967 947 4008 essem
963 3960 1109 4026 positae,
1134 3960 1191 4027 ipae
1211 3961 1256 4012 ita
1278 3964 1373 4013 institit

109 4034 188 4099 operi,
208 4041 236 4081 at
255 4034 295 4082 die
315 4033 506 4098 quadraqesimo
527 4032 621 4096 quinto,
642 4045 718 4094 qnam
739 4046 771 4077 ea
786 4027 856 4076 silvis
878 4027 996 4076 detracta
1013 4028 1125 4077 materia
1143 4034 1209 4091 erat,
1229 4046 1312 4080 nares
1331 4032 1372 4081 itt-

110 4109 222 4150 struetae
242 4110 407 4166 armataeque
424 4102 452 4149 in
469 4116 562 4165 aquam
580 4098 701 4147 dedicatae
723 4104 788 4146 sant.
813 4123 840 4132 -
874 4095 1109 4159 Babyloniam.
1135 4096 1176 4146 F.:
1201 4096 1373 4163 Babylonem.

113 4196 138 4205 —
164 4167 205 4228 10,
229 4167 252 4228 3,
271 4168 313 4218 90.
351 4170 399 4217 Ee
424 4167 574 4217 vulnere.
613 4166 656 4213 Ea
682 4166 779 4214 draokt
805 4165 843 4213 ost
864 4165 908 4213 dle
936 4166 1132 4228 Vernulassung
1153 4178 1212 4225 aus,
1242 4168 1271 4215 in
1295 4168 1374 4232 Folge

109 4238 190 4287 deren
210 4239 252 4285 ein
273 4238 397 4297 Zustand,
416 4239 458 4287 ein
475 4236 608 4298 Ereigniss
626 4235 735 4283 eintritt.
753 4235 778 4282 S.
797 4247 828 4281 zu
847 4229 873 4291 3,
894 4228 978 4291 t,17.

178 4326 219 4386 10,
228 4324 252 4377 4.
260 4326 301 4378 22,
314 4327 355 4376 Pe
365 4345 397 4376 rs
406 4344 443 4392 aq
451 4327 523 4376 ada.
532 4329 557 4376 F.
566 4340 572 4375 :
581 4323 747 4389 Persaqadas.
760 4326 783 4372 S.
792 4320 904 4385 arista,
914 4322 954 4372 10.
964 4350 995 4359 -
1004 4338 1022 4388 q
1030 4338 1092 4371 ens.
1103 4321 1315 4385 EinAusdruolr,
1327 4326 1375 4376 der

109 4395 190 4444 leiebt
204 4396 431 4445 missum-standon
448 4397 555 4444 werden
574 4395 652 4453 kann,
674 4391 778 4441 obwohl
794 4406 822 4441 er
838 4395 928 4454 strong
939 4404 1099 4472 genommeq
1115 4402 1182 4453 ganz
1199 4405 1292 4455 ganan
1312 4394 1374 4445 dem

108 4454 883 4590 terrratuatenervantursariram-me
900 4455 1312 4579 ammira-r
1334 4460 1374 4579 r:

109 4562 196 4643 riam
210 4565 349 4644 conterruit
371 4565 418 4644 eds.
441 4601 464 4645 S.
486 4598 538 4646 liv.
560 4593 602 4657 19,
622 4563 723 4656 11,13’;
745 4564 772 4642 si
791 4593 902 4644 scelat
923 4592 1176 4658 libidinemque
1193 4601 1224 4645 at
1244 4546 1373 4649 aeaei-
