2820 4964
132 143 393 259 vrssxxvmoi
409 233 425 240 -
440 192 970 260 asxxrxi-axxxxc-is.
984 197 1103 260 xxm.
1116 199 1246 261 15-1a
1268 190 1327 260 rei

64 382 190 423 sumus:
208 365 292 424 latiis
303 386 323 425 o
336 365 505 427 domestim's
522 362 654 426 hostibus
675 368 772 427 moui.
804 369 869 426 Hos
886 369 915 425 si
932 386 1104 443 semineces,
1125 367 1209 428 mihil
1225 375 1325 426 metuo

64 459 104 520 od
124 456 258 523 esterno·

147 556 256 619 XXX.
291 553 408 619 ¹⁰llaec
431 561 583 622 Craterus,
612 558 679 620 Nec
701 559 794 621 ceteri
813 544 994 634 dubitabant,
1016 558 1087 638 quin
1110 559 1324 621 coniurationis
1385 549 1388 553 ’

31 686 34 691 -
64 653 206 714 indicium
235 674 453 735 suppressimus
478 674 539 716 non
568 656 686 733 suisset,
722 656 780 716 nisi
845 662 912 716 ctor
938 661 988 716 ant
1015 655 1174 735 particeps.
1226 662 1322 737 Quem

63 755 144 811 euim
160 750 243 830 pium
267 759 303 813 et·
320 752 418 813 bonae
440 751 563 826 mentiS,
585 773 646 813 non
667 755 762 815 amica
783 676 924 827 qodo,
952 751 1006 813 sed
1034 772 1071 811 ex
1096 753 1198 814 ultima
1224 753 1323 831 plebe,

62 848 186 922 auditis,
208 868 284 927 quae
306 851 344 909 ad
365 869 432 908 enm
454 848 552 908 delata
571 857 668 925 erant,
690 870 749 911 non
765 766 910 933 liptinas
929 849 967 909 ad
987 868 1088 927 regem
1109 849 1202 910 fuisse
1220 869 1324 910 cursu-

62 949 152 1007 rum?
187 939 208 982 ¹¹
218 965 257 1004 ne
278 945 414 1005 Cebalini
438 933 558 1025 quidem
580 947 728 1025 exemplo,
751 947 864 1026 quiex
885 947 975 1006 fratre
999 953 1151 1024 comperta
1172 947 1229 1026 ipsi
1249 965 1323 1006 nun·
1383 1018 1385 1023 Ι

44 1042 182 1121 ,ῒίαεεθη
213 1041 419 1102 Parmenionis
441 1042 551 1118 lilium,
579 1045 762 1122 praesectum
791 1043 954 1123 equitatus,
985 1043 1118 1103 omnium
1145 1052 1321 1105 arcanorum

60 1139 145 1216 regis
166 1139 331 1199 arbitrum?
355 1137 511 1199 simulasse
534 1140 638 1214 etiam,
663 1161 723 1200 non
750 1160 872 1201 vacasse
898 1140 1031 1199 sermoni
1056 1159 1115 1201 sno
1142 1160 1260 1218 regem,
1284 1158 1322 1198 ne

60 1236 153 1295 index
174 1236 263 1296 alium
285 1235 495 1296 internuntium
527 1244 692 1316 quaereret.
733 1231 998 1311 ¹²Nicomachnm,
1029 1232 1175 1315 religione
1199 1255 1321 1317 quoque

60 1334 151 1393 deum
178 1333 346 1408 astrictum,
379 1334 592 1394 conscientiam
632 1353 716 1393 suam
745 1353 909 1394 exonerare
938 1352 1135 1411 properasse:
1165 1332 1320 1407 Philotam,

60 1435 243 1509 consumpto
266 1450 321 1507 per
339 1429 441 1490 ludum
464 1430 624 1510 iocumque
646 1449 742 1509 paene
766 1437 832 1490 toto
860 1430 922 1504 die,
949 1436 1102 1506 gravatum
1130 1449 1196 1490 esse
1224 1449 1321 1508 panca

59 1527 153 1587 verba
167 1526 350 1605 pertinentia
371 1527 410 1586 ad
429 1534 520 1606 caput
540 1527 619 1606 regis
641 1531 700 1584 tam
722 1526 815 1604 longo
838 1531 867 1585 et
887 1515 1016 1585 -lorsitan
1037 1539 1224 1603 supervacuo
1243 1544 1320 1586 mse-

60 1643 129 1683 rere
151 1624 291 1684 sermoni.
327 1617 402 1682 13Αῑ
426 1624 558 1685 enimse
588 1643 650 1693 nen
678 1622 843 1684 credidisse
870 1622 940 1683 talia
969 1622 1172 1682 deferentibus
1202 1622 1325 1700 puerisl

58 1721 126 1780 Cur
150 1720 239 1798 igitur
259 1721 435 1781 extraxisset
456 1722 596 1796 biduum,
611 1700 758 1798 -taiiquam
781 1718 892 1781 indicio
914 1719 1038 1780 haberet
1064 1718 1175 1782 fidem?
1215 1719 1319 1781 Dimit-

59 1817 183 1877 tendum
202 1817 293 1879 luisse
307 1817 492 1893 Cebalinum,
513 1818 538 1878 si
559 1801 740 1879 delationem
762 1816 825 1876 eius
846 1804 1011 1876 damnabat.
1048 1807 1195 1877 14Ιηέω)
1217 1837 1319 1896 quem·

59 1934 119 1994 que
142 1913 277 1992 periculo
303 1935 440 1994 magnum
461 1914 591 1975 animum
605 1902 737 1989 habere,
766 1899 857 1994 quum
879 1914 916 1974 de
937 1913 1031 1973 salute
1052 1914 1131 1994 regis
1154 1913 1318 1983 timeretur,

60 2010 200 2070 credulos
212 2029 278 2071 esse
292 2011 409 2086 debere,
433 2031 508 2073 vana
530 2032 650 2092 quoqne
672 2012 839 2072 deferentes
859 2011 1022 2072 admittere.
1052 2006 1206 2082 ,¹⁵0mnes
1227 2011 1317 2090 igitur

58 2095 266 2186 quaestionem
287 2107 324 2164 de
346 2128 391 2180 eo,
414 2115 453 2166 ut<
467 2108 628 2185 participes
649 2106 773 2168 sceleris
798 2109 929 2169 indicare
954 2113 1128 2187 cogeretur,
1152 2109 1316 2170 habendam

57 2222 127 2262 esse
139 2201 311 2261 decernunt.
341 2204 406 2260 Rex
419 2202 597 2276 admonitos
616 2205 661 2262 uti
677 2204 834 2264 consilium
855 2204 973 2265 silentio
993 2211 1171 2283 premerent,
1191 2205 1316 2266 dimittit.

144 2295 267 2354 XXXl.
297 2295 486 2354 Pronuntiari
500 2297 607 2356 deinde
621 2297 678 2357 iter
690 2297 719 2356 in
742 2305 896 2377 posterum
910 2300 1000 2376 iubet,
1023 2322 1061 2363 ne
1084 2323 1143 2384 qua
1162 2302 1233 2362 novi
1252 2302 1316 2362 initi

57 2391 179 2456 consilii
211 2391 333 2451 daretur
361 2397 440 2452 nota.
486 2386 659 2453 ¹⁶luvitatus
689 2399 735 2454 est
767 2397 853 2454 etiam
875 2396 1009 2458 Philotas
1040 2399 1078 2457 ad
1111 2397 1229 2458 ultimas
1258 2398 1316 2476 ipsi

58 2491 177 2571 epulae,
204 2495 234 2549 et
259 2509 312 2548 rex
331 2509 392 2549 non
416 2507 544 2567 coenare
562 2490 682 2564 modo„
696 2490 751 2551 sed
778 2491 866 2551 etiam
888 2492 1069 2554 familiariter
1092 2492 1228 2574 colloqui
1248 2514 1317 2555 eum

59 2611 112 2664 e0,
147 2608 233 2669 quem
258 2587 462 2661 damnaverat,
491 2585 638 2648 sustinuit.
677 2581 848 2648 ¹⁷secunoa
877 2587 983 2649 deinde
1013 2589 1126 2668 vigilia,
1156 2590 1316 2652 luminibus

59 2685 205 2760 extinctis
229 2678 421 2762 campaneis
446 2683 476 2742 in
498 2682 611 2762 regiam
633 2689 744 2745 coeunt
755 2685 958 2764 Hephaestion
980 2693 1009 2747 et
1029 2688 1171 2748 Craterus
1189 2693 1219 2748 et
1239 2689 1316 2749 Coe-

58 2803 116 2843 nus
135 2789 164 2842 et
185 2780 333 2858 Erigyius,
357 2781 387 2839 hi
408 2801 445 2839 ex
466 2780 576 2852 amicis,
600 2801 637 2841 ex
656 2779 810 2859 armigeris
832 2787 930 2842 autem
954 2782 1112 2843 Perdiccas
1134 2789 1164 2842 et
1182 2785 1317 2844 Leonna-

57 2886 113 2941 tus.
144 2879 268 2938 Perhos
287 2877 473 2955 imperatum,
494 2883 527 2938 ut
546 2878 596 2957 qui
615 2877 653 2938 ad
673 2877 855 2956 praetorium
875 2878 1069 2954 excubabant,
1092 2878 1196 2939 armati
1215 2878 1305 2958 vigila

58 2983 133 3037 rent.
157 2969 270 3034 ‘¹81am
292 2974 330 3033 ad
361 2994 465 3035 omnes
496 2975 593 3036 aditus
622 2974 759 3054 dispositi
788 2981 871 3035 erant
898 2976 1031 3055 equiteS,
1063 2976 1168 3036 itinera
1196 2996 1316 3058 quoque

58 3074 198 3134 obsidere
219 3071 308 3145 iussi,
337 3091 375 3131 ne
402 3072 468 3152 quis
502 3073 539 3132 ad
561 3071 803 3146 Parmenionem,
834 3071 885 3154 qui
917 3079 979 3134 tum
997 3073 1114 3135 Mediae
1142 3073 1313 3155 magnisque

125 3211 149 3275 c,
168 3211 211 3273 so,
229 3212 269 3262 ro.
306 3214 562 3330 suppresseris.
591 3216 615 3263 s.
633 3210 660 3273 o,
678 3211 719 3276 33,
738 3200 762 3265 'a
781 3213 807 3275 o,
822 3213 866 3277 oo,
890 3213 929 3264 15.
948 3213 973 3276 a,
993 3213 1033 3276 ra,
1052 3214 1090 3266 15.
1112 3243 1139 3253 -
1170 3214 1195 3278 s,
1213 3214 1253 3279 so,
1273 3215 1312 3266 11.

56 3283 274 3344 Praefectum.
300 3284 324 3330 S.
362 3277 537 3343 ‚31,21.-
566 3279 707 3342 o,30,1=t.
733 3282 1241 3346 Conscientiam-exonerare,
1260 3287 1312 3335 wie

56 3349 83 3409 ὁ,
102 3347 145 3408 33,
165 3347 196 3398 3:
221 3348 321 3397 Metron
336 3366 368 3398 ne
389 3357 539 3399 incruentam
563 3349 661 3414 quidem
683 3351 801 3415 teruporis
827 3350 926 3400 distulit
950 3368 1132 3401 exonerare
1151 3369 1182 3402 se.
1213 3356 1238 3401 S.
1259 3353 1312 3405 Cic,

57 3421 86 3468 N.
104 3420 135 3467 D.
154 3416 177 3477 3,
198 3416 237 3478 35,
255 3414 301 3467 85:
326 3434 406 3482 prave
429 3417 664 3467 coisseientiue
682 3417 815 3482 pondus.
846 3420 929 3484 Vergl.
949 3422 977 3471 C.
996 3417 1019 3481 4,
1039 3417 1082 3480 49,
1102 3419 1142 3474 33,

124 3506 148 3567 6,
166 3506 209 3567 30,
230 3506 268 3558 13.
302 3509 342 3557 Se
361 3525 414 3559 von
433 3512 458 3560 Z.
479 3510 655 3574 hinzugeldgt.
677 3538 705 3546 —
726 3511 946 3561 extraxisset.
973 3513 998 3561 S.
1015 3526 1048 3561 zu
1068 3508 1092 3573 8,
1113 3509 1153 3576 33,
1176 3509 1214 3567 14.
1235 3540 1266 3549 —
1287 3510 1311 3574 6,

56 3577 97 3639 30,
117 3575 156 3626 15.
173 3576 318 3625 Silentia
338 3585 538 3642 premerent.
560 3583 586 3628 S.
598 3574 672 3639 dot,
684 3575 728 3627 19:
749 3579 890 3643 quoe—in
908 3579 992 3629 animo
1009 3595 1062 3630 meo
1082 3580 1206 3644 pressi.
1226 3581 1310 3645 Vergl,

55 3645 79 3708 8,
97 3644 121 3707 ὃ,
143 3642 183 3694 38.
206 3643 244 3706 10,
262 3641 302 3707 38,
320 3642 343 3694 8.
365 3647 433 3710 Virg.
447 3648 508 3696 hen.
532 3646 552 3708 1,
568 3644 634 3699 209:
658 3646 780 3712 premit
799 3645 880 3697 altum
896 3645 972 3696 corde
990 3645 1110 3699 dolorem.

124 3733 212 3795 b,31,
234 3733 273 3784 15.
308 3735 344 3783 lo
364 3744 549 3801 posterum.
581 3739 617 3786 F.:
644 3738 818 3802 inposterum
843 3738 914 3787 diem
948 3724 1034 3855 vergi.
1054 3740 1082 3788 C.
1101 3737 1128 3798 8,
1146 3737 1169 3800 3,
1188 3737 1238 3789 23:
1260 3740 1311 3788 iter

53 3821 152 3868 parare
171 3805 205 3851 iu
221 3811 396 3867 posterum
420 3806 510 3854 iussus.
535 3802 558 3864 1,
578 3803 621 3864 39,
642 3796 671 3855 1:
690 3806 722 3853 iis
739 3806 924 3872 prooimum.
946 3832 974 3841 -
1018 3803 1085 3867 ,31,
1108 3804 1146 3862 iss
1172 3806 1239 3856 lieu
1260 3821 1311 3856 von

55 3875 80 3922 Z.
101 3871 304 3936 cingesohoben.
339 3874 365 3920 S.
385 3887 417 3921 zu
438 3869 461 3933 1,
480 3869 562 3934 23⁸2.
583 3901 611 3908 -
637 3869 777 3934 6,31,17.
807 3871 856 3922 Ad
875 3870 1108 3937 praetorium,
1125 3876 1152 3923 S.
1171 3872 1195 3937 3,
1216 3872 1258 3934 30,
1279 3872 1310 3924 3:

55 3939 154 4001 cohors,
180 3956 244 4004 quoe
269 3939 460 3988 excubabat
484 3940 526 3990 od
555 3939 816 4011 tabernaculum
840 3941 913 4006 repis.
937 3939 961 4002 8,
984 3938 1025 4001 ⁸23,
1045 3939 1086 3990 32.
1135 3943 1216 3992 Sensi
1239 3943 1310 3992 steht

54 4009 124 4058 auch
142 4016 210 4067 ante,
230 4023 252 4056 z.
273 4009 298 4056 B.
318 4005 342 4069 8,
361 4005 404 4066 22,
427 4006 465 4056 18.
489 4036 517 4045 -
540 4008 665 4058 irinati
681 4010 705 4075 d.
722 4011 737 4059 ἰ.
756 4010 911 4073 vollsttndig
931 4008 1079 4074 gewallnet.

122 4096 148 4158 6,
167 4097 211 4158 31,
233 4095 271 4148 18.
307 4096 480 4161 Dispositi
506 4107 605 4150 eraut
633 4099 780 4165 equites,
807 4100 933 4155 itinero
957 4116 1091 4166 quoque.
1121 4101 1163 4149 F.:
1195 4098 1311 4164 dispositi

53 4165 154 4227 milites,
178 4167 271 4231 equites
293 4181 390 4230 quoque
408 4166 510 4217 itinero.
545 4169 681 4221 Vielleicht
704 4169 904 4236 urspriinglieb:
927 4169 981 4218 iam
1000 4167 1035 4217 od
1052 4183 1135 4218 omues
1151 4164 1236 4216 aditos
1254 4166 1309 4215 dis-

52 4235 132 4300 positi
150 4241 224 4283 eram
241 4232 383 4295 milites,
409 4234 504 4285 itinero
530 4251 627 4302 quoque
643 4235 757 4291 obsidere
772 4235 842 4292 iussi.
877 4238 926 4287 nie
946 4251 979 4286 an
995 4237 1086 4300 jodem
1103 4232 1225 4301 Zugange
1245 4235 1309 4284 aul-

53 4303 191 4365 gestellten
203 4304 301 4352 Posteri
317 4315 370 4353 von
383 4303 513 4360 Fussvolk
531 4305 585 4355 und
603 4305 725 4363 hectorei
742 4305 834 4357 hatten
850 4306 990 4355 einerseits
1009 4318 1041 4355 zu
1060 4303 1232 4363 verhiodern,
1246 4304 1309 4354 dass

52 4371 247 4420 Verschworne
269 4385 317 4420 aus
339 4371 390 4422 den
408 4372 565 4436 Ausgtingen
582 4372 784 4434 entschlttplten,
804 4373 969 4422 andrerscits
983 4373 1074 4425 hat-ten
1094 4373 1132 4423 sie
1150 4372 1234 4422 durch
1254 4372 1309 4420 Pa-

53 4439 176 4488 trouillen
196 4438 239 4487 die
261 4438 328 4487 nach
346 4439 425 4500 jenen
445 4441 584 4505 Zugangen
605 4439 750 4490 lnhrenden
770 4440 960 4491 lleerstrassen
986 4440 1042 4492 und
1064 4442 1201 4502 senstigen
1221 4440 1309 4489 wich—

53 4507 125 4569 tigen
146 4506 228 4570 Wege
248 4520 280 4555 zu
302 4506 459 4567 hswaeben,
488 4508 572 4558 damit
590 4507 643 4566 dle,
671 4509 769 4559 welche
798 4509 841 4558 die
856 4509 1055 4560 Wachsamheit
1077 4509 1125 4559 der
1142 4508 1308 4570 Thorposten

52 4573 194 4635 gemuscht
221 4573 312 4623 hatten
338 4575 404 4628 oder
432 4579 510 4630 sonst
532 4576 703 4628 entlrommen
728 4589 827 4640 waren,
861 4576 934 4631 nicht
966 4591 997 4627 zu
1020 4576 1160 4634 Parmenio
1192 4576 1310 4633 ildehten,

51 4642 178 4697 konntau.
197 4667 224 4677 -
248 4647 320 4692 tum.
345 4644 371 4692 S·
389 4640 413 4706 1,
432 4641 457 4708 8,
475 4640 499 4695 9.
515 4641 540 4706 7,
561 4640 601 4708 11,
619 4639 642 4694 4.
774 4662 777 4667 >
