2820 4964
109 184 174 251 aaa
587 177 889 261 oconrnnum

110 356 201 430 lutrrs,
229 348 446 423 Aristandrum,
477 346 527 409 cui
552 346 757 409 credulitatem
782 364 867 407 suam
895 344 1058 421 addixerat,
1091 344 1255 425 explorare
1283 366 1371 411 even·

110 461 174 515 tum
192 468 292 511 rerum
312 445 466 507 sacrificiis
488 443 579 506 iubet.
622 445 691 505 Mos
714 448 779 504 erat
803 442 993 521 aruspicibus
1018 448 1089 503 exta
1113 442 1178 505 aine
1203 461 1280 522 rege
1305 463 1372 523 spc-

111 555 202 622 ctare,
224 550 255 607 et
275 561 352 623 qnae
371 541 633 619 portenderentur,
655 540 778 602 referre.
823 534 922 599 ”luter
944 539 1019 601 haec
1038 557 1101 614 rex,
1123 539 1194 601 dum
1211 538 1299 601 tibris
1322 560 1372 619 pe

112 645 221 707 cudurn
243 638 438 716 explorantur
465 644 591 698 eventus
620 635 774 697 latentium
798 653 908 709 rerum,
936 635 1063 713 propius
1086 634 1186 714 ipsum
1210 635 1372 698 considere

110 741 223 803 amicos
242 735 333 807 iubet,
354 752 392 793 ne
417 732 610 793 contentione
631 732 715 793 vocis
736 730 907 794 cicatricem
927 730 1073 791 infirmam
1092 731 1190 793 adhuc
1207 740 1371 811 rumperet.

110 830 301 914 Hephaestio,
324 831 468 891 Craterus
484 834 514 888 et
534 828 676 907 Erigyius
698 836 783 889 eraut
801 849 868 889 curn
890 826 1068 889 custodibus
1092 826 1123 887 in
1143 828 1370 889 tabemacuiunr

110 929 242 995 admissi.
272 920 299 963 ¹⁰
306 926 489 998 Bucinum,
511 924 615 1004 iuquit,
636 944 684 984 me
706 925 867 1001 occupauit
884 923 1008 983 meliore
1025 922 1166 998 hoedum,
1193 942 1290 1001 quam
1308 944 1370 985 meo

110 1038 250 1107 tempore.
285 1019 348 1081 Sed
362 1020 523 1079 necessitas
545 1027 620 1080 ante
637 1021 791 1080 rationem
809 1025 861 1093 est,
888 1020 1024 1079 mamma
1043 1020 1081 1079 in
1106 1016 1191 1094 bellu
1215 1038 1278 1097 qua
1299 1039 1370 1081 raro

106 1122 302 1206 permittitur
319 1123 455 1193 tempora
475 1117 594 1194 eligere.
626 1111 802 1196 11Defecere
823 1115 999 1189 Bactriani,
1025 1116 1062 1175 in
1088 1132 1220 1192 quonam
1249 1117 1370 1175 cerurci

109 1219 163 1280 hus
182 1224 307 1287 stamus,
326 1218 356 1272 et
376 1218 529 1289 quantum
550 1212 586 1270 in
605 1210 691 1272 nobis
710 1211 812 1271 antini
829 1212 878 1285 sit,
906 1211 1009 1271 aluno
1027 1211 1137 1271 Marte
1155 1213 1369 1289 aperimur.

109 1313 209 1377 Haud
232 1308 325 1371 dubia
343 1306 497 1387 fortuna,
531 1309 561 1367 si
584 1309 775 1368 omiserimus
800 1305 930 1385 Scythas
956 1307 1042 1367 altro
1066 1324 1158 1367 arma
1184 1306 1370 1383 inserentem

109 1408 276 1487 contempti
294 1404 424 1477 adiilos,
444 1405 500 1480 qui
511 1401 698 1482 defecerunt,
717 1409 921 1463 reuertemur:
946 1396 1009 1461 ¹²si
1024 1419 1096 1462 aero
1111 1403 1252 1465 Tanaim
1271 1410 1372 1465 trane

109 1509 252 1580 urinam,
279 1510 311 1563 et
336 1498 446 1576 ubiqw
467 1500 597 1559 inuictos
620 1518 755 1561 essenos
776 1497 964 1578 Scytharum
986 1498 1127 1577 pernicie
1150 1517 1191 1559 ac
1218 1501 1371 1577 sanguise

109 1601 335 1673 osununmus,
356 1597 424 1675 quis
444 1591 596 1655 dubitabit
611 1613 723 1673 parere
742 1595 836 1655 etiarn
858 1594 1002 1671 Europae
1020 1591 1209 1655 uruntur
1242 1589 1370 1655 ¹³Falli·

111 1709 173 1772 tur,
204 1697 259 1774 'qui
278 1694 423 1754 terminos
441 1690 563 1768 gloriae
583 1698 705 1750 nostrae
726 1690 853 1749 metitur
874 1691 985 1767 spatio,
1013 1687 1095 1767 pund
1121 1692 1296 1751 transituri
1322 1710 1369 1750 su

109 1814 185 1855 mus.
231 1793 315 1853 Uncus
342 1787 444 1849 amnis
469 1786 633 1868 interfluit,
664 1804 751 1864 quem
780 1785 810 1844 si
831 1786 1013 1858 canemus,
1040 1786 1077 1845 s'n
1092 1786 1254 1864 europam
1280 1806 1369 1847 arma

104 1887 304 1970 proferimus.
336 1877 415 1943 ¹⁴Jtt
436 1882 550 1961 quanti
568 1881 794 1941 aeramendum
819 1887 871 1955 est,
902 1880 977 1940 dum
996 1881 1104 1941 Asiam
1131 1879 1314 1960 subrigimus,
1336 1884 1368 1943 irs

109 1987 171 2045 alio
193 1978 413 2061 quodammodo
435 1975 503 2037 orbe
524 1982 649 2054 tropaea
669 1983 812 2050 statuere,
841 1983 874 2036 et
893 1995 971 2053 quae
992 1983 1057 2043 tam
1083 1977 1177 2055 longo
1203 1978 1368 2040 interuallo

108 2088 226 2141 natura
252 2078 374 2138 uidetur
402 2074 562 2145 diremisse,
589 2091 656 2130 unu
683 2071 813 2132 uictoria
842 2071 939 2132 urbita
965 2074 1173 2133 comnu'ttere?
1206 2067 1284 2135 ι5711
1302 2074 1367 2133 her-

109 2178 176 2236 cule
195 2177 224 2234 si
233 2172 403 2251 paulutum
423 2168 645 2243 cessaverimus,
664 2169 700 2227 in
721 2169 816 2246 tergis
834 2169 948 2228 nostris
959 2168 1091 2246 Scythae
1106 2166 1286 2231 haerebunt.
1319 2170 1367 2231 An

108 2272 167 2333 soti
185 2288 298 2343 snmus,
327 2267 383 2344 qui
398 2266 542 2349 flumina
567 2272 732 2324 transnare
753 2266 937 2342 possumus?
978 2265 1088 2325 Multa
1112 2266 1148 2323 in
1175 2267 1367 2345 nonnenpsu

107 2365 251 2441 recident,
277 2361 384 2441 quibus
411 2361 512 2421 adhuc
534 2361 671 2419 uicimus.
712 2353 887 2419 ¹⁶Fortuna
914 2357 988 2419 belli
1013 2367 1112 2420 artem
1130 2360 1227 2421 utens
1255 2380 1366 2439 quoque

109 2463 201 2526 docet.
248 2457 371 2521 Utribus
395 2476 518 2518 amnem
539 2454 719 2515 traiicaendi
742 2456 913 2534 exemplum
923 2454 1065 2535 fecirnus
1090 2475 1210 2535 nuper.-
1239 2455 1305 2533 hoc,
1333 2463 1368 2516 ut

108 2560 240 2640 Scythae
257 2556 380 2617 imitari
399 2555 546 2629 nesciant,
567 2552 738 2613 Bactriani
758 2549 912 2613 meabant.
949 2545 1146 2613 ¹⁷Praeterea
1165 2571 1251 2613 unus
1268 2554 1366 2631 gentis

108 2658 201 2720 huius
231 2656 381 2716 exercitus
408 2652 510 2712 adhuc
532 2652 624 2723 uenit,
653 2649 746 2708 ceteri
770 2655 980 2726 expectantur.
1022 2649 1073 2707 Itu
1099 2644 1214 2708 bellum
1242 2646 1366 2709 utando

109 2757 233 2829 ahmiu,
261 2759 292 2811 et
312 2749 395 2829 quod
412 2745 533 2827 inferre
549 2763 719 2824 possumus,
743 2744 878 2822 accepere
903 2762 1053 2822 cogemur.
1094 2736 1311 2824 ¹⁸Manesesta
1328 2750 1367 2805 est

108 2851 232 2914 conatii
249 2848 311 2907 mei
329 2846 420 2905 ratio.
461 2842 524 2903 Sed
542 2862 586 2902 an
601 2840 787 2919 permissuri
810 2840 875 2899 sint
893 2839 973 2900 mihi
988 2838 1174 2901 Macedones
1193 2842 1303 2902 animo
1323 2841 1367 2901 uti

108 2965 183 3020 meo,
201 2943 322 3019 dubitc,·
344 2943 425 3021 quia,
438 2957 553 3023 ¹ecquo
573 2937 630 2998 hoc
649 2936 762 2996 uulnus
779 2937 891 3013 accepi,
905 2955 969 2995 non
989 2954 1064 3013 equo
1081 2943 1185 2997 uectus
1205 2956 1286 3013 sum,
1307 2956 1365 2997 non

104 3041 231 3122 pedibus
253 3042 414 3117 ingressus.
447 3031 541 3094 ¹⁹Sed
557 3036 587 3093 si
601 3051 649 3091 me
670 3032 756 3109 sequi
773 3031 875 3107 cultis,
899 3032 993 3109 raho,
1014 3032 1116 3093 amici.
1150 3030 1238 3092 Satr's
1255 3036 1364 3094 uirium

107 3146 153 3197 est
173 3136 217 3196 ad
239 3132 401 3195 toleranda
421 3131 498 3200 ista,·
523 3137 583 3189 aut
600 3130 629 3187 si
648 3128 714 3187 iam
732 3126 817 3186 adest
835 3128 917 3187 citae
937 3146 1021 3189 meae
1032 3126 1131 3207 finis,
1157 3128 1195 3187 in
1216 3148 1280 3207 quo
1300 3136 1365 3191 tan.

109 3232 176 3292 dem
197 3249 283 3308 opere
301 3228 409 3287 melius
430 3225 624 3303 extinguar?

192 3323 315 3385 XXXI.
354 3316 473 3383 ²⁰flaec
496 3338 604 3400 quassa
621 3318 720 3381 adhuc
737 3338 813 3380 voce
835 3318 1045 3395 subdeficiens,
1070 3318 1122 3379 vix
1149 3319 1301 3399 proximis
1321 3314 1365 3381 ci-

109 3528 331 3591 zur'dckidhrten',
358 3530 397 3579 sie
420 3530 447 3579 in
476 3530 524 3579 der
542 3528 686 3579 Schwttchc
712 3529 786 3578 eines
815 3541 845 3579 so
874 3528 1113 3593 ausgezeichnoten
1129 3528 1242 3579 Marnas
1267 3528 1367 3591 gleich-

109 3613 167 3649 sum
187 3599 231 3648 dia
251 3597 394 3647 Schwdoha
422 3597 470 3648 des
495 3609 595 3660 ganzen
614 3596 924 3659 Menschengeschtechts
950 3595 1013 3645 dem
1033 3596 1162 3658 Gespdtte
1182 3594 1258 3645 Prata
1276 3598 1367 3659 gabon.

109 3665 195 3729 Vergl.
212 3666 265 3714 Liv.
282 3665 365 3727 praet.
383 3666 405 3727 5.
425 3662 459 3713 7:
485 3679 515 3712 ea
534 3661 594 3713 belli
611 3661 698 3727 picria
713 3670 749 3711 est
766 3660 861 3729 populo
881 3666 995 3725 romano,
1015 3669 1044 3711 ut
1062 3676 1225 3729 yuumsuuas
1250 3662 1367 3723 condisc-

108 3734 194 3798 risque
209 3732 250 3781 sui
264 3738 399 3798 parentem
413 3730 523 3780 Martem
539 3730 698 3797 potissimum
716 3730 794 3793 ferat,
813 3738 866 3779 tam
885 3736 910 3778 et
930 3729 979 3780 hoc
1021 3736 1115 3778 entes
1134 3726 1306 3781 humanae
1319 3744 1366 3799 pa-

109 3801 208 3851 tiantur
228 3815 308 3864 aequo
327 3799 421 3860 animo,
447 3816 523 3865 quam
547 3798 680 3865 imperium
717 3798 840 3849 utiuntur.
867 3746 1019 3859 1111111.-
1042 3794 1183 3863 triumphus
1199 3812 1281 3858 muts,
1303 3796 1370 3847 cetat

109 3868 151 3919 ad
169 3866 355 3918 ludibrium
371 3883 473 3917 casuum
490 3866 666 3926 humanorum,
703 3863 781 3915 uobus
793 3862 925 3928 [anemius
944 3862 1080 3915 liberorum
1096 3880 1209 3915 memus
1228 3872 1268 3913 est
1287 3866 1369 3915 inter-

107 3936 211 4003 positus.
236 3963 268 3971 -
295 3934 479 3984 reuolutus.
513 3937 539 3986 S.
558 3949 590 3985 zu
606 3929 630 3995 4,
651 3930 691 3995 dt,
710 3930 751 3984 31.
769 3960 801 3969 -
827 3932 1035 3993 addixerat,
1060 3932 1112 3983 wie
1129 3932 1185 3983 cic.
1201 3932 1231 3983 in
1251 3934 1328 3983 Verr.
1345 3930 1369 3993 2,

107 4003 148 4065 32,
164 4001 212 4053 78:
231 4019 306 4067 quum
324 4002 424 4065 fidem
443 4018 482 4051 ac
502 4000 712 4067 reliyionem
739 4006 824 4049 tuum
851 4000 915 4048 iam
935 3998 1040 4049 alteri
1061 3995 1239 4049 addictam
1259 4000 1370 4067 pecunia

107 4078 214 4137 accepta
236 4068 360 4120 tamaris.

175 4158 254 4223 230,
278 4158 302 4211 9.
334 4156 622 4225 Rumperet.S.10,
645 4155 741 4219 16,13.
762 4184 791 4194 -
815 4155 839 4220 7,
858 4155 900 4221 30,
921 4156 960 4207 10.
986 4156 1055 4207 Tens
1084 4173 1146 4208 cra
1165 4156 1298 4225 stipere
1327 4161 1368 4211 Z.:

109 4235 222 4295 tempora
239 4226 326 4292 leyere.
342 4254 370 4263 -
391 4225 524 4288 7,30,1t.
541 4223 639 4274 Haud
655 4224 753 4275 dubia
767 4225 923 4288 fortuna.
939 4224 980 4274 R:
1084 4224 1163 4277 dubie.
1180 4254 1211 4263 -
1231 4224 1258 4286 7,
1272 4222 1317 4287 30,
1330 4224 1367 4279 1⁸2.

108 4294 243 4345 Parere.
265 4297 302 4344 1’.;
320 4301 419 4360 patere.
440 4322 469 4331 -
488 4293 656 4358 Europae.
687 4294 759 4342 Nnch
776 4296 865 4356 Conj.:
887 4293 930 4343 R:
950 4291 1088 4360 Europam.

175 4384 199 4447 7,
219 4384 262 4445 30,
285 4382 324 4434 16.
363 4382 568 4450 Eecnaptum.
600 4385 679 4433 Diese
695 4387 742 4433 Art
757 4383 823 4434 tiber
840 4389 964 4448 grttssara
977 4384 1084 4433 Struma
1100 4396 1133 4433 su
1146 4386 1247 4445 setzan,
1264 4384 1369 4435 schctut

108 4452 220 4503 beiden
242 4452 401 4503 asiatischen
418 4454 533 4502 volkern
553 4465 605 4501 von
622 4451 698 4513 johar
718 4451 855 4514 ultgamein
876 4463 1001 4514 gawescn
1018 4464 1052 4500 au
1068 4451 1133 4501 sain.
1156 4476 1185 4487 -·
1217 4448 1243 4511 7,
1260 4448 1305 4511 311,
1328 4448 1366 4500 17.

108 4517 291 4569 Possumus.
309 4520 351 4569 F.:
366 4535 501 4584 possemus.
524 4544 553 4555 -
574 4516 597 4578 7,
614 4516 655 4581 30,
675 4515 714 4568 18.
733 4517 810 4568 Sint
827 4517 912 4569 mihi
934 4518 974 4569 R:
993 4517 1052 4571 siat.
1072 4544 1104 4554 —-
1122 4514 1149 4577 7,
1167 4515 1212 4579 30,
1235 4515 1278 4569 19.
1298 4516 1367 4567 Sed.

107 4585 256 4637 vieueicht:
278 4584 339 4634 Vos
356 4586 379 4635 si
399 4602 438 4635 me
456 4584 528 4652 sequi
546 4584 624 4635 cultis
642 4612 681 4636 -.
