2820 4964
80 150 144 217 aar
552 156 754 239 qonnrn
775 160 873 223 nun

82 328 214 385 amietos
235 325 350 404 erupit,
378 334 408 385 et
431 326 482 405 qui
504 327 624 389 abeunti
644 327 721 388 viam
744 326 906 405 dederant,
931 330 1029 409 ipsum
1049 331 1087 390 ad
1116 331 1347 409 pronuntiatam

83 422 224 498 praedam
241 422 451 502 sequebantur.

166 518 269 580 XXII.
309 514 491 599 v¹¹2¹lamque
519 525 703 583 armatorum
733 520 816 583 circa
840 522 1025 602 Meleagrum
1058 524 1199 604 frequens
1232 525 1347 604 globus

82 620 155 689 erat,
171 614 202 674 iu
219 615 396 678 seditionem
415 636 451 678 ac
474 615 655 681 discordiam
676 635 764 679 versa
786 619 950 692 concione;
974 640 1066 700 quum
1088 619 1209 700 qnidam
1233 619 1347 699 plerls-

82 730 141 790 que
160 712 360 775 Macedonum
379 713 500 793 ignotus
521 732 558 772 ex
578 712 678 774 infima
696 712 802 792 plebe,
832 714 916 783 Quid
934 735 1009 795 epus
1031 724 1088 792 est,
1113 715 1223 796 inquit,
1245 722 1347 781 armis

81 809 223 886 meaeque
235 807 319 885 bello,
338 807 515 871 habentibus
526 829 637 888 regem,
660 829 748 888 quem
761 813 932 887 quaereris?
963 807 1345 895 ²Arrhidamoehicppo

77 906 219 983 genitia,
239 905 416 969 Alexandri
427 907 527 984 paulo
547 913 621 967 aute
641 908 723 986 regri
732 906 862 986 frater,
882 928 1041 969 inermum
1062 911 1345 991 caerimoniarum

80 1021 139 1080 que
158 1021 279 1064 cmnors
300 1003 401 1077 modo,
420 1022 505 1063 nunc
526 1004 608 1064 solur
627 1002 726 1079 sees,
749 1007 941 1084 praeteritur
959 1026 981 1067 a
1002 1005 1089 1069 uobis.
1132 1007 1200 1076 Quo
1230 1011 1344 1071 mnne

79 1102 158 1160 nco?
182 1097 399 1178 qmibaefecit,
425 1119 483 1159 cur
509 1100 767 1179 erumpentium
794 1104 952 1163 communi
975 1105 1043 1164 r'ure
1058 1101 1269 1182 fraudetur?
1307 1106 1347 1169 Si

79 1196 397 1257 Alexandrcrimilem
409 1198 565 1273 quaeritis,
589 1215 751 1274 nunquam
772 1199 944 1275 reparata,-
965 1200 994 1261 η’
1005 1201 1196 1279 proxim,
1220 1200 1276 1264 lu'c
1296 1223 1344 1265 ro-

80 1291 130 1354 lus
149 1300 201 1355 est.
246 1288 322 1355 ³llis
339 1291 448 1355 auditis
468 1292 576 1355 concio
599 1293 696 1372 primo
716 1293 865 1355 silentium
893 1294 977 1359 velut
1006 1296 1087 1358 iussa
1115 1295 1236 1361 habuit:
1269 1320 1344 1361 con-

80 1388 326 1453 clamantdeinde
347 1389 469 1470 pariter,
488 1389 685 1450 Arrhidaeum
706 1391 875 1451 vocandum
893 1412 970 1466 esse,
992 1398 1179 1473 mortemque
1202 1394 1343 1473 meritos,

80 1488 131 1567 qui
152 1489 329 1551 concionem
344 1487 407 1549 sine
430 1507 468 1548 eo
483 1485 665 1549 habuissent.
704 1479 806 1549 4Τιηιι
818 1487 924 1549 Pithon
946 1489 1053 1569 plenus
1073 1488 1273 1553 lacrimarum
1293 1514 1343 1557 or·

80 1584 160 1647 ditur
180 1585 298 1661 dicere,
328 1604 409 1646 nunc
426 1584 475 1647 vel
496 1582 623 1645 niaxime
645 1583 845 1646 miserabilem
871 1604 938 1649 esse
955 1586 1173 1664 Alexandrum,
1202 1590 1259 1668 qui
1281 1597 1341 1653 iam

78 1682 229 1745 bonorum
251 1682 362 1745 civium
385 1680 569 1762 militumque
590 1682 691 1743 fructu
712 1687 743 1742 et
766 1682 936 1760 praesentia
958 1684 1112 1747 fraudatus
1137 1692 1232 1749 esset.
1277 1688 1343 1750 No
1375 1708 1378 1749 :

78 1799 146 1840 men
172 1781 250 1840 enim
272 1779 504 1858 memoriamque
526 1777 605 1856 regis
625 1778 672 1839 sui
695 1784 808 1841 tautum
830 1778 991 1856 intuentes,
1017 1781 1056 1841 ad
1077 1788 1180 1841 cetera
1205 1782 1342 1864 caligare

78 1896 141 1939 eoa.
184 1871 441 1953 ⁵llandambigue
454 1873 600 1949 iuvenem,
622 1874 805 1953 cuiregnum
826 1875 1037 1952 destinabatur,
1059 1874 1243 1960 [carpebat;
1266 1880 1339 1965 sed]

79 1974 201 2052 probra,
219 1992 296 2053 quae
319 1971 481 2044 obiecerat,
501 1969 595 2048 magis
617 1969 675 2048 ipsi
692 1969 805 2046 odium,
824 1991 913 2052 quam
937 1973 1103 2035 Arrhidaeo
1128 1981 1340 2057 contemptum

77 2069 254 2133 attuleruut:
274 2065 468 2148 quippedum
485 2065 673 2142 miserentur,
690 2065 778 2127 etiam
799 2066 901 2129 iavere
920 2077 1093 2148 coeperunt.
1136 2064 1260 2150 ⁶lgitur
1279 2095 1339 2137 non

78 2167 168 2229 aliurn
189 2185 290 2244 regem
311 2182 353 2240 se,
377 2183 466 2244 quam
488 2182 566 2237 euro,
587 2160 638 2242 qui
657 2163 695 2223 ad
714 2163 790 2223 hanc
812 2183 897 2243 spem
921 2167 1039 2245 genitus
1061 2172 1156 2242 esset,
1179 2189 1338 2247 passuros,

78 2261 224 2343 pertinaci
245 2261 458 2324 acclamatione
477 2258 639 2332 declarant,
663 2260 826 2339 vocarique
842 2260 1039 2323 Arrhidaeum
1059 2261 1172 2329 iubent.
1217 2263 1339 2349 ⁷Qnem

76 2359 231 2439 Meleager
253 2357 379 2419 infestus
401 2356 572 2436 invisusque
592 2355 754 2417 Perdiccae
776 2362 897 2419 strenue
920 2358 1058 2438 perducit
1086 2359 1116 2421 in
1144 2362 1284 2442 regiam3
1311 2373 1338 2427 et

76 2458 186 2522 milites
207 2454 378 2534 Philippum
399 2454 617 2517 consalutatum
639 2472 740 2533 regem
761 2454 920 2534 appellant.

160 2554 275 2615 XXlll.
322 2546 485 2613 8Ceterum
505 2551 580 2612 haec
602 2549 685 2628 vulgi
706 2557 770 2613 erat
790 2571 865 2628 vox,
892 2552 1063 2641 principum
1089 2553 1147 2617 alia
1175 2559 1334 2621 sententia

75 2654 101 2715 E
122 2651 230 2733 quibus
251 2650 359 2710 Pithon
376 2646 537 2709 consilium
562 2648 724 2709 Perdiccae
745 2648 853 2731 exequi
873 2649 989 2728 coepit,
1009 2656 1186 2730 tutoresque
1205 2653 1335 2717 destinat

76 2749 138 2811 filio
159 2768 197 2809 ex
218 2749 342 2809 Roxane
368 2745 469 2807 loturo
493 2743 667 2805 Perdiccam
694 2750 724 2805 et
744 2746 945 2820 Leonnatum,
968 2745 1062 2825 stirpe
1089 2747 1173 2825 regia
1202 2752 1332 2829 genitos

75 2843 227 2920 ⁹Adiecit,
248 2843 327 2905 utin
349 2842 472 2919 Europa
495 2842 637 2902 Craterus
659 2847 689 2902 et
709 2839 866 2921 Antipater
886 2861 935 2905 res
962 2842 1214 2909 administrarent.
1261 2851 1332 2911 Tum

75 2942 279 3007 insinuandum
294 2936 448 3016 asingulis
461 2943 614 2997 exactum:
638 2938 757 2999 futuros
771 2937 801 2999 in
823 2944 972 3016 potestate
992 2940 1072 3019 regis
1094 2940 1188 3019 geniti
1202 2942 1331 3007 Alexan·

75 3041 141 3102 dro.
181 3034 374 3114 ¹⁰Meleager,
396 3032 474 3093 haud
487 3032 593 3094 iniuria
605 3041 686 3095 metu
708 3034 848 3113 supplicii
870 3035 1001 3110 territus,
1023 3056 1091 3097 cum
1113 3037 1177 3098 suis
1198 3059 1330 3105 seoesse

75 3143 129 3198 rat
171 3137 287 3197 Rursus
306 3129 477 3207 Philippum
502 3130 622 3191 trahens
644 3151 747 3193 secum
765 3131 873 3209 irrupit.
892 3131 1020 3210 regiam,
1050 3132 1208 3196 clamitans
1231 3141 1329 3201 suilra-
1351 3210 1355 3217 ,

75 3233 138 3313 gari
158 3230 223 3310 spei
246 3228 283 3290 de
304 3247 385 3289 novo
409 3244 479 3305 rege
501 3226 593 3305 paulo
617 3235 685 3288 ante
708 3235 872 3306 conceptae
894 3229 990 3290 robur
1012 3229 1133 3302 aetalis3
1147 3236 1329 3312 ‚experirer

142 3428 182 3491 10,
200 3427 242 3490 ab,
262 3427 283 3478 l.
321 3422 632 3491 Frequenaqlobus.
660 3421 1252 3495 s.10‚29,18:1²erdtcca-cccfere,
1280 3431 1327 3499 qai

74 3498 276 3562 alleleuprum
302 3500 527 3559 erumpentem
547 3508 582 3540 en
606 3492 787 3553 concione,
807 3509 894 3561 quae
911 3494 1020 3559 prima
1039 3492 1160 3544 babitu
1187 3506 1326 3569 estport

73 3573 204 3617 mortem
225 3560 437 3620 Alexandri,
458 3559 592 3625 sequuti
613 3568 725 3621 erunt,
740 3587 768 3597 -
783 3559 923 3628 elephantis
943 3560 1076 3610 obiicit—
1102 3560 1141 3623 10,
1155 3561 1199 3626 ba,
1219 3565 1247 3618 2.
1265 3566 1325 3617 Ar·

73 3635 244 3684 rbidneus.
277 3633 314 3680 P:
343 3628 479 3678 Aridnem.
509 3653 536 3663 -
570 3643 744 3677 sacrorum
773 3629 1130 3696 caerimoniarumque.
1167 3633 1249 3685 Nicht
1280 3648 1324 3685 van

74 3703 253 3767 allgemeinen,
279 3701 327 3749 das
345 3701 433 3747 Gauze
461 3696 620 3746 desvollres
647 3695 829 3747 betretlouden
856 3698 995 3761 religiosae
1016 3698 1236 3752 Feierlichlretten
1265 3705 1324 3754 kam

74 3773 117 3821 die
137 3771 207 3820 hede
225 3772 290 3818 sein.
319 3767 435 3816 sondern
456 3777 509 3813 rou
530 3763 645 3823 soleben,
670 3765 769 3814 welche
788 3766 831 3816 die
849 3765 1045 3828 llonigslamilie
1060 3765 1262 3823 insbesondere
1280 3784 1317 3821 au

73 3842 140 3903 ging,
168 3839 222 3888 und
241 3837 286 3886 hel
307 3835 424 3884 walchen
447 3831 609 3881 Arrhidaeus
635 3832 674 3882 als
691 3833 807 3895 Mitglied
832 3835 881 3884 der
903 3833 1008 3884 Familia
1031 3834 1190 3885 erschienen
1222 3853 1260 3889 zu
1276 3838 1323 3892 sein

73 3909 183 3958 scheint.
204 3932 235 3941 -
257 3919 316 3969 quo
336 3901 457 3950 rnerito
476 3914 539 3947 suo.
566 3901 590 3948 S.
608 3913 640 3948 zu
659 3897 685 3960 8,
703 3897 744 3961 el,
761 3898 802 3949 30.

142 3993 236 4058 wne,
250 3993 274 4044 5.
301 3988 1322 4056 lucencm,cuir.d.,[carpebatmd]probra,quaeobiece·

72 4074 141 4128 rat,
152 4063 267 4130 napis.
286 4063 334 4112 Die
344 4059 595 4124 eingelrlammerten
607 4058 700 4108 Worte
713 4057 773 4107 sind
782 4072 830 4106 zur
840 4058 995 4122 Erganzung
1005 4059 1053 4110 des
1063 4059 1162 4110 lnhalts
1175 4066 1251 4116 nacla
1261 4064 1321 4127 caui

72 4133 216 4198 cingerum,
235 4132 278 4181 die
292 4130 373 4180 Codd.
392 4126 479 4176 haben
492 4125 569 4176 daldr
580 4125 698 4191 inparue.
722 4126 867 4188 Uebrigens
880 4127 926 4176 hat
939 4126 982 4176 R:
999 4126 1034 4175 in
1051 4126 1172 4189 iuvenem,
1192 4133 1240 4182 eat
1257 4150 1280 4185 r,
1296 4128 1322 4191 d,

71 4203 185 4270 impensa
196 4197 306 4265 probrc,·
321 4193 492 4263 quaemapir‚·
513 4194 567 4242 und
587 4195 631 4244 Z.:
650 4193 686 4242 in
702 4192 822 4256 invenere,
840 4193 882 4242 eui
899 4208 923 4241 r.
941 4192 974 4255 d,
992 4194 1106 4262 impensu
1119 4194 1224 4261 probra
1244 4199 1321 4268 mqh

142 4290 179 4353 10,
197 4288 241 4350 m,
259 4288 282 4340 6.
318 4288 391 4337 Non
417 4284 521 4335 alium
542 4300 649 4350 repen
674 4300 936 4363 se-parsuros.
966 4287 1006 4338 P:
1030 4283 1180 4337 conabum
1203 4305 1322 4342 ra-rr·

69 4375 151 4425 qnare
169 4372 297 4425 passuros.
331 4358 355 4405 S.
374 4355 427 4405 [ἰν.
446 4351 470 4412 P,
488 4350 510 4414 1,
528 4350 559 4402 9:
590 4353 706 4414 (Brutus)
723 4351 824 4402 cordum
838 4368 919 4402 nonae
937 4350 1062 4403 libertatis
1079 4353 1205 4421 populum
1218 4361 1322 4411 ..ξη-

71 4426 180 4477 iurando
201 4425 293 4491 adegit,
319 4422 441 4472 neminem
458 4420 553 4469 Romae
570 4435 693 4486 parsuros
711 4436 827 4486 regnare.
847 4448 875 4457 —
905 4419 945 4470 nd
969 4420 1052 4471 hanc
1075 4438 1169 4489 spem.
1206 4429 1235 4478 S,
1255 4424 1322 4487 ωδ,

71 4491 222 4554 29,24.-
250 4488 348 4553 10AE
367 4488 392 4539 7.
412 4488 567 4553 Infestus.
586 4490 611 4537 S.
630 4484 705 4550 zui,
724 4486 807 4550 ΜΘ.

140 4580 248 4645 toste,
269 4579 307 4632 10.
339 4579 658 4647 Spei-conceptae.
688 4578 1132 4648 Bisherreipublicao-roneepto.
1164 4579 1321 4650 Speiuarb
