2820 4964
119 166 181 231 ru
590 162 631 243 o.
653 161 908 225 0111111111

118 333 305 406 resistebant,
325 350 461 410 magnam
477 336 592 412 partem
604 332 736 393 hostium
755 330 897 412 propulit.
943 325 1263 413 2001111111111118111
1284 335 1380 400 victo

118 452 184 508 res,
212 437 242 490 et
261 430 359 490 donoc
379 428 495 490 avidius
523 436 683 510 sequentes
708 430 738 490 in
761 427 884 507 planum
909 427 1076 505 deduxere,
1100 428 1188 489 inulti
1215 431 1378 496 cadebant:

117 529 172 590 sed
190 534 224 588 ut
241 526 370 607 primum
389 525 486 600 locus,
507 525 537 585 in
559 544 619 605 quo
641 532 721 587 stare
740 531 881 604 possent,
900 525 972 600 tuit,
993 525 1097 606 aequis
1119 525 1235 588 viribus
1258 528 1379 592 dimica-

117 632 179 686 tum
198 631 252 684 est
296 618 400 682 ³lnter
420 640 525 683 omnes
547 628 646 681 11111111
667 619 925 683 Lacedaemonios
945 640 999 682 rex
1020 621 1177 698 eminebat,
1197 642 1261 684 non
1279 643 1378 688 armo-

116 742 184 784 rum
202 719 294 781 modo
316 723 346 778 et
368 718 508 797 corporis
528 718 646 797 specie,
677 716 842 779 sedetiam
862 717 1064 798 magnitudine
1089 719 1194 797 enimi,
1226 742 1288 802 qno
1316 742 1376 785 nno

116 916 304 982 interemerat)
329 914 392 965 adeo
409 929 461 962 non
478 912 660 981 interpellarit,
676 923 706 964 ut
720 915 798 965 etiam
816 915 952 967 1111111111.
984 916 1082 984 Quippe
1097 917 1237 984 [1911111111
1255 918 1373 985 irusequu-

119 996 158 1038 tus
182 983 333 1035 Alexander
355 984 383 1032 in
405 980 543 1048 lonpinqua
568 981 626 1032 loca
648 983 729 1049 mapis
756 984 885 1050 mapisque
905 983 1071 1052 rapiebatur,·
1103 994 1129 1035 et
1152 1003 1185 1035 ea
1207 987 1265 1053 ipso
1278 986 1373 1054 proedo

116 1054 331 1104 mercenariorum
352 1051 440 1115 inpens
463 1048 598 1099 multitudo
619 1051 648 1099 in
668 1051 805 1100 Graeciam
822 1053 886 1118 supa
903 1059 1097 1119 penetrauerat:
1176 1070 1234 1105 rum
1259 1062 1318 1105 octo
1339 1057 1372 1116 (C.

115 1121 140 1185 4,
160 1121 184 1183 6,
202 1119 244 1181 39)
261 1118 334 1167 milia
356 1118 460 1184 persica
475 1118 587 1183 pecunia
612 1118 735 1168 conducit
753 1117 828 1185 Apis,
853 1135 989 1187 eormque
1010 1137 1090 1188 opera
1108 1139 1128 1188 p
1168 1138 1249 1188 asque
1269 1122 1372 1173 Creten·

116 1192 180 1239 sium
195 1186 270 1237 urbes
287 1186 391 1252 recepit.
431 1184 512 1246 Quum
529 1185 644 1253 deinceps
663 1185 755 1235 Messon
770 1188 854 1247 (Diod.
877 1186 918 1249 17,
938 1186 1034 1252 691111
1051 1189 1188 1240 Thraciam
1205 1189 1240 1240 ab
1256 1190 1373 1240 Alexan-

117 1258 164 1307 dro
181 1256 277 1317 missus,
298 1253 421 1303 barbaros
439 1253 475 1302 ad
491 1252 655 1316 desectionem
671 1253 818 1320 impulisset,
844 1255 927 1322 adque
949 1273 1005 1306 eam
1028 1257 1243 1323 comprimendam
1258 1257 1373 1326 Antipa-

116 1333 156 1374 ter
172 1323 313 1372 eaercitum
332 1338 365 1370 en
383 1320 536 1371 Macedonia
558 1321 588 1370 in
607 1321 743 1372 Thraciam
766 1321 887 1386 1111111111,
917 1325 1108 1394 opportunitate
1131 1326 1253 1392 temporis
1276 1334 1374 1385 strenue

115 1394 156 1444 usi
173 1390 368 1441 lacedaemonii
387 1397 468 1438 totam
486 1387 689 1456 Peloponnesum,
707 1390 799 1456 paucis
817 1389 920 1441 urbibus
939 1392 1058 1459 exceptis,
1076 1393 1105 1442 in
1118 1401 1208 1458 partes
1229 1401 1372 1456 traxerunt,

116 1455 642 1591 tt”f33‘tlt‘.tt.“?.'t.tt³tlnt⁵ltt
660 1457 867 1590 rqqqppup
881 1459 1080 1578 nillil?
1091 1460 1184 1579 illle.
1204 1459 1371 1580 ilddlil'

115 1571 204 1664 quibus
229 1603 313 1661 potest
336 1592 530 1654 conditionibus,
555 1593 684 1658 componit
702 1595 787 1655 (Diod.
807 1592 846 1657 17,
865 1593 924 1659 63);
952 1544 1097 1663 radtinsque
1121 1597 1150 1647 in
1170 1596 1311 1649 Graeciam
1327 1566 1372 1647 re:

113 1680 222 1731 pressus,
247 1663 280 1713 ab
304 1663 393 1712 amicis
416 1661 542 1726 sociisque
569 1660 714 1711 ciuitatibus
738 1660 840 1711 auxilia
865 1664 941 1729 capit.
982 1663 1076 1725 Quibus
1102 1666 1314 1731 conuenientibus,
1341 1665 1373 1715 ad

116 1732 291 1798 quadrapinta
310 1736 480 1794 pupnatorum
498 1727 572 1778 milia
590 1730 724 1793 receruuit.
760 1728 909 1779 Advenerat
926 1739 951 1780 et
969 1748 1002 1780 ea
1019 1731 1190 1797 Peloponneso
1204 1732 1297 1784 salida
1314 1751 1371 1784 ma-

115 1816 177 1849 nusc
191 1799 236 1847 sed
254 1799 377 1857 (Frontin.
396 1794 419 1858 2,
442 1795 483 1856 11,
502 1792 606 1861 ilquia
626 1794 728 1847 dubia'm
743 1797 857 1862 ipsorum
876 1796 951 1862 fidem
970 1800 1116 1863 resciverat,
1140 1801 1307 1855 dusmwlata
1329 1819 1370 1852 su-

12 1882 15 1887 ·
114 1867 228 1932 spicione
242 1865 343 1931 pretias
363 1864 420 1928 epit,
446 1863 513 1928 quod
532 1864 568 1912 ad
584 1863 765 1929 defundendum
788 1865 908 1915 aduersus
924 1866 1138 1918 Lacedaemonios
1156 1867 1308 1921 Alexandri
1330 1870 1370 1920 di·

113 1936 238 2001 pnitatem
256 1931 404 1996 affuissent:
427 1932 583 1996 scripturum
601 1948 629 1981 se
645 1932 673 1983 id
690 1933 752 1998 cepi,
771 1933 886 1998 pristiam
900 1934 1057 2000 intempore
1078 1934 1202 1987 relaturo.
1245 1937 1279 1987 ln
1294 1955 1370 2003 prae-

114 2018 170 2052 sens
186 1999 253 2050 nibil
270 2015 331 2064 opus
351 2015 404 2048 csse
418 1998 557 2049 maioribus
575 2000 671 2066 copiis:
687 2000 775 2067 itaque
792 2001 878 2050 domos
892 2002 1013 2066 redirent,
1032 2003 1142 2068 foederis
1155 2006 1309 2055 necessitate
1326 2024 1370 2055 ea-

112 2068 194 2139 pleta.
230 2067 339 2120 Nuntios
360 2067 448 2117 deinde
465 2066 501 2117 ad
517 2065 696 2119 Alexandrum
712 2068 801 2129 mittit,
818 2069 850 2118 de
865 2079 936 2121 motu
954 2070 1080 2122 Graeciae
1096 2072 1232 2123 certiorare
1249 2074 1369 2137 facturos.

114 2140 200 2210 Atque
217 2139 259 2190 illi
277 2155 361 2207 repem
381 2135 450 2207 apud
468 2135 569 2185 Bactra
585 2136 683 2186 demum
702 2137 850 2203 consequuti
866 2147 925 2188 sunt
930 2156 940 2202 ;
960 2156 1036 2207 prum
1055 2140 1158 2189 interim
1175 2139 1314 2210 Antipatri
1331 2142 1370 2192 oi·

115 2212 209 2270 ctoriae,
235 2217 259 2260 et
285 2225 346 2259 nece
364 2205 465 2275 Apidis,
490 2205 519 2255 in
536 2201 654 2255 Arcadia
680 2211 839 2255 transactum
867 2214 940 2257 esset.
976 2207 1045 2258 Sane
1070 2207 1123 2259 iam
1138 2208 1241 2275 pridem
1267 2209 1370 2261 tumultu

114 2278 373 2331 Lacedaemoniorum
389 2276 496 2342 capuita,
517 2281 639 2342 quantum
657 2281 696 2324 tot
713 2282 842 2325 terrarum
860 2276 951 2344 spatiis
962 2276 1087 2328 ducrum
1097 2277 1193 2344 potuit,
1208 2278 1370 2343 procidant.-

114 2346 299 2416 Amplsoterum
315 2348 380 2408 (111.
402 2343 428 2405 3,
449 2342 475 2405 6,
496 2341 521 2406 3)
541 2360 597 2395 cum
618 2344 713 2411 cypriis
731 2352 756 2394 et
770 2342 912 2412 phoeniciis
928 2344 1034 2397 nauibus
1059 2345 1087 2395 ia
1103 2343 1306 2412 Peloporusesum
1321 2363 1369 2397 na-

113 2413 209 2484 oipare,
229 2415 345 2466 Meneten
365 2414 432 2476 (Arr.
453 2410 477 2475 3,
498 2409 672 2476 16,10)tria
690 2411 764 2462 milia
783 2411 906 2463 talentum
925 2413 961 2464 ad
983 2429 1056 2463 mare
1077 2412 1179 2477 desme
1197 2413 1318 2478 1111111111,
1344 2420 1370 2464 ut

114 2629 187 2681 esset,
207 2568 491 2687 qmmqlrampaameps
509 2624 614 2684 accepto
634 2617 759 2667 victoriae
775 2618 864 2667 nunno
881 2618 934 2668 suis
952 2616 1068 2686 operibus
1090 2617 1120 2667 id
1144 2617 1284 2669 daminus
1304 2635 1369 2670 eom-

131 2705 218 2753 arans,
243 2688 353 2738 murium
370 2703 425 2736 eam
449 2701 561 2752 pupnam
585 2685 665 2750 [uisse
688 2684 826 2735 cauillatus
854 2693 899 2735 est.
939 2685 1055 2737 caman
1079 2686 1212 2752 psmcipia
1235 2688 1290 2738 eius
1316 2685 1370 2737 belli

110 2707 184 2808 baud
200 2758 360 2824 improspera
378 2752 587 2805 lacedaemoniis
610 2752 690 2817 suere.
731 2753 812 2803 lucta
837 2752 997 2821 Corrbapum
1021 2755 1151 2817 (1111011111.
1170 2770 1197 2819 p.
1216 2751 1369 2816 13811111)

113 2826 279 2876 Macedoniae
295 2822 428 2875 castellum
447 2838 503 2872 cum
524 2819 660 2887 Antipatri
683 2821 805 2872 militibus
829 2823 956 2889 conpressi
977 2823 1087 2873 uictores
1107 2823 1265 2877 actiterunt:
1291 2832 1317 2874 et
1335 2822 1370 2873 rei

114 2892 174 2943 bene
189 2900 277 2960 pestae
295 2894 368 2957 fama
392 2891 468 2940 etiam
489 2891 533 2957 qui
552 2890 678 2957 suspensis
697 2889 820 2939 mentibus
838 2891 971 2954 fortunam
994 2898 1181 2958 spectaverant,
1208 2892 1238 2941 in
1262 2893 1369 2943 societa-

113 2968 163 3011 tem
182 2978 268 3011 eorum
282 2959 411 3027 pertracti
432 2966 499 3011 sunt.
540 2957 597 3008 llna
616 2975 648 3007 ea
669 2956 728 3007 eleis
748 2957 901 3025 aclraeisque
918 2957 1021 3010 urbibus
1044 2958 1146 3009 Pellene
1167 2957 1262 3023 foedus
1283 2975 1369 3028 asper-

112 3029 239 3089 nabatur,·
261 3036 286 3076 et
301 3029 329 3076 in
345 3025 464 3075 Arcadia
483 3025 658 3092 Mepalopolis,
674 3026 728 3090 lida
740 3025 920 3077 Macedonibus
938 3026 969 3077 ob
984 3026 1098 3094 Pntttppt
1115 3027 1309 3100 masadam
1325 3042 1369 3094 quo

114 3096 239 3159 beneficiis
260 3093 356 3158 affecta
373 3094 467 3156 fuerat.
503 3093 554 3141 Sed
572 3093 635 3142 baec
654 3101 712 3141 arte
731 3094 897 3144 circumsessa
917 3095 987 3145 baud
1008 3094 1102 3162 procstl
1122 3094 1251 3145 deditione
1277 3096 1368 3156 aberat

113 3163 165 3211 nisi
177 3161 278 3210 tandem
288 3159 428 3226 Antipater
438 3158 599 3208 subvenisset.
624 3159 650 3207 Is
666 3162 801 3226 po'stquam
820 3170 909 3212 castra
929 3163 1022 3213 castris
1041 3161 1156 3225 contulit,
1175 3179 1255 3230 seque
1270 3178 1369 3215 numm

114 3229 224 3279 militum
234 3227 336 3293 alioque
348 3233 479 3291 apparatu
490 3228 645 3293 superiorem
657 3229 797 3293 conspexit,
818 3231 1003 3297 quamprimum
1014 3230 1045 3280 da
1064 3246 1161 3280 summo
1177 3247 1268 3281 rerum
1276 3229 1369 3298 proelio

112 3296 262 3348 contendere
284 3295 388 3345 statuit:
417 3309 497 3359 aeque
522 3294 718 3345 Lacedaemonii
739 3296 912 3347 detrectavere
936 3305 1070 3348 certamen.
1107 3297 1152 3349 lta
1177 3301 1317 3351 commissa
1338 3304 1369 3347 est

110 3381 203 3434 pupae,
232 3381 297 3432 puae
316 3380 370 3413 rem
386 3369 538 3430 spartanam
555 3362 677 3412 maiorem
693 3364 722 3413 in
740 3364 840 3414 modum
860 3365 964 3429 amicit.
1002 3364 1084 3427 Quum
1102 3365 1167 3415 num
1187 3368 1317 3433 enpustiis
1334 3365 1369 3415 lo-

111 3451 208 3493 corum,
235 3435 262 3482 ia
281 3431 369 3499 quibus
384 3429 558 3498 pupnabatur,
581 3431 678 3495 confisi,
704 3430 747 3482 ubi
767 3432 833 3481 busti
850 3432 949 3482 nullum
964 3432 1133 3484 multitudinis
1158 3449 1233 3483 mum
1259 3437 1370 3499 futurum

111 3501 257 3562 credebant,
283 3501 395 3550 animose
413 3500 542 3565 conpressi
563 3506 653 3560 essent,
677 3516 757 3566 neque
775 3498 927 3550 Macedones
953 3501 1061 3568 impipre
1084 3500 1240 3564 resisterent,
1269 3502 1370 3553 multum

111 3569 241 3635 sanpuinis
265 3570 348 3631 fusam
369 3576 412 3618 est.
447 3566 498 3616 Sed
514 3574 652 3634 postquam
671 3566 811 3634 Antipater
828 3567 954 3635 intepram
973 3567 1077 3619 subinde
1094 3584 1198 3619 manum
1226 3566 1370 3621 laboranti-

112 3638 157 3688 bus
174 3636 226 3686 suis
243 3635 352 3686 subsidio
374 3633 499 3696 mittebat,
517 3634 629 3703 impulsa
645 3634 905 3687 Lacedaemoniorum
924 3637 993 3687 acies
1008 3636 1118 3703 pradum
1140 3634 1231 3704 paulis
1251 3654 1282 3687 cr
1302 3644 1370 3688 retu·

111 3706 151 3757 lit.
185 3703 257 3767 Quod
274 3703 434 3771 conspicatus
445 3701 519 3769 Apis,
538 3720 595 3754 cum
614 3701 718 3753 coborte
733 3704 817 3771 rapio,
837 3720 902 3770 quac
919 3722 951 3754 ec
967 3704 1114 3771 fortissuuis
1135 3710 1208 3755 const
1242 3713 1284 3769 at,
1304 3723 1332 3757 se
1347 3704 1372 3754 in

110 3773 225 3826 medium.
242 3811 248 3824 .
267 3807 273 3821 .
290 3800 322 3808 -
341 3771 492 3824 immisit.
528 3773 553 3822 S.
570 3769 596 3831 7,
615 3768 659 3831 32,
676 3769 727 3823 37:
747 3770 853 3822 subditis
872 3770 1020 3823 calcaribus
1040 3788 1102 3839 equo
1120 3771 1156 3822 in
1169 3770 1298 3823 medios
1316 3773 1371 3823 lto-

109 3850 180 3895 stes
200 3857 234 3890 se
251 3839 399 3891 immisit.
427 3838 467 3904 10,
487 3837 527 3904 11,
544 3837 584 3891 30.
604 3841 658 3893 Liv.
677 3838 702 3904 9,
723 3836 746 3904 4,
769 3838 814 3890 10:
837 3838 894 3891 uel
914 3841 950 3891 in
966 3841 1095 3892 medios
1112 3856 1159 3893 me
1183 3840 1372 3893 immittere

110 3912 227 3963 hostes
243 3915 352 3978 paratas
369 3923 430 3959 sum.
1094 3932 1099 3941 ·

177 3998 294 4063 111.
328 3999 505 4049 lledacere
531 3999 599 4049 nach
622 3999 670 4049 der
692 4001 912 4065 ursprnnglichen
930 4002 1087 4065 Bodeutung
1111 4001 1136 4051 d.
1163 4001 1215 4063 W..
1242 4002 1298 4053 wie
1314 4000 1371 4052 Sall.

110 4075 164 4135 lug.
185 4067 228 4131 49,
240 4067 274 4121 61
294 4069 375 4120 acian
386 4096 413 4106 —
426 4067 582 4117 transcursis
596 4066 733 4134 principiis
751 4068 785 4117 i'n
802 4066 938 4134 planum
957 4068 1117 4130 deducit,·
1135 4082 1178 4119 wo
1199 4069 1370 4135 vorhergolit:

109 4137 363 4188 Metellus-monte
382 4135 533 4202 deprediens.
555 4162 584 4172 -
605 4134 722 4185 inulti.
741 4136 786 4187 F.:
805 4135 888 4187 multi.
920 4140 974 4189 Der
993 4139 1141 4202 Gegansatz
1159 4137 1281 4203 aequis
1308 4135 1371 4187 oisi-

110 4205 154 4256 bus
174 4206 322 4256 dimicatum
339 4212 377 4255 est
395 4207 431 4256 ist
450 4204 650 4255 entsoheidend.
672 4231 704 4241 -
723 4211 868 4269 possent.
898 4205 939 4258 R:
964 4212 1055 4271 posset.
1074 4232 1106 4243 -
1130 4204 1254 4270 aequis
1282 4204 1371 4255 airi-

110 4273 173 4323 bus.
193 4276 277 4338 111131.
298 4273 321 4335 7,
345 4271 384 4334 19,
405 4271 450 4323 33:
472 4287 547 4337 quum
563 4287 674 4386 pupnam
692 4288 792 4336 sepnem
808 4272 935 4338 utrimque
955 4273 1072 4338 aequis
1090 4270 1227 4322 viribus
1244 4278 1319 4322 stare
1332 4270 1366 4321 oi

109 4341 194 4393 disset.
233 4343 358 4393 Aehnlieh
384 4340 444 4392 Teo.
468 4355 529 4390 ann.
550 4339 574 4398 1,
609 4337 640 4389 3:
668 4338 835 4390 trudebantur
853 4340 881 4390 in
906 4340 1032 4407 paludem
1058 4341 1087 4390 ni
1114 4340 1211 4391 Gamar
1231 4340 1372 4407 productas

111 4407 218 4473 lepiones
238 4409 400 4459 instruxisset
406 4425 415 4470 ,·
433 4407 492 4458 iude
503 4405 615 4457 iactibus
630 4413 723 4469 terror,
743 4407 839 4472 fiducia
855 4407 939 4473 militi,
961 4415 987 4459 et
1004 4407 1154 4460 manibus
1169 4408 1291 4475 aequis
1311 4406 1372 4459 abs-

110 4490 211 4527 cessum.

176 4563 286 4630 o,1,3.
317 4567 392 4616 lica.
423 4568 494 4631 Agis,
513 4581 534 4617 s.
557 4561 743 4626 [1111111111.
765 4594 796 4603 -
818 4566 992 4619 eminebat.
1030 4567 1140 4618 Bildllcln
1159 4568 1211 4618 wie
1230 4563 1370 4630 1111111

109 4631 243 4685 nobilitate
259 4651 292 4685 ac
313 4635 408 4684 divitiis
425 4633 494 4683 inter
513 4648 598 4684 onmes
623 4631 747 4683 barbaros
768 4634 885 4686 1111111111.
904 4632 930 4700 3,
948 4634 990 4699 W,
1009 4631 1035 4687 8.
1071 4634 1130 4685 nna
1149 4631 1226 4699 2116,
1246 4632 1275 4695 b,
1294 4633 1321 4687 9.
