2820 4964
104 178 169 245 322
572 173 611 255 o.
634 173 775 235 cunru
797 172 894 235 nun

108 349 179 432 quin
206 352 270 408 tota
293 350 383 405 nocte
412 342 579 421 persideret
605 343 637 403 in
666 343 798 422 speculis
829 342 1006 424 equitesque
1032 340 1243 421 praemitteret
1270 343 1312 405 ad
1339 362 1367 406 os
1409 365 1410 382 ³

110 446 213 521 amnis,
233 451 276 520 ut,
296 459 388 522 quum
407 459 490 501 mare
512 459 615 501 rursus
630 446 804 501 exaestuare
823 439 996 515 sensissent,
1017 438 1249 517 praecederent.
1281 433 1369 503 2⁴Ne

108 542 187 621 vigia
203 559 323 622 quoque
336 537 508 598 etlacerate
530 537 613 597 refici
634 544 665 598 et
686 556 792 598 eversa
811 537 952 598 fluctibus
973 535 1049 614 erigi
1070 534 1164 610 iubet,
1189 542 1369 619 paratosque

109 658 176 701 esse
195 644 225 697 et
244 637 382 709 intentoS,
405 654 496 714 quum
517 653 623 694 rursus
641 652 722 693 mare
747 638 843 693 terras
867 632 1047 695 inundasset.
1083 626 1206 693 ”uota
1225 650 1265 693 ea
1287 636 1371 695 nocte

109 738 187 797 inter
208 732 325 811 vigilias
352 730 635 810 adhortationesque
662 736 856 807 cousumpta,
890 729 1029 790 celeriter
1057 735 1088 789 et
1114 730 1239 809 equites
1265 730 1371 809 ingenti

110 851 200 894 cursu
230 831 370 907 refugere
394 834 424 887 et
447 833 591 906 sequutus
621 833 666 887 est
690 833 799 887 aestus.
849 826 911 901 Qui
938 826 1037 903 primo
1064 824 1152 905 aquis
1182 824 1246 887 leni
1282 832 1370 889 tractu

110 926 308 992 subeuntibus
322 923 423 1001 coepit
444 922 545 983 levare
568 923 694 1001 navigia,
711 942 783 983 mox
804 921 875 982 totis
897 922 1010 1001 campis
1033 921 1187 983 inundans
1211 924 1306 983 etiam
1324 924 1369 985 im

110 1023 344 1105 pulitclassem.
380 1014 407 1057 ²⁶
414 1019 597 1099 Plaususque
618 1019 744 1079 militum
764 1018 1020 1098 nauticorumque,
1040 1017 1229 1097 insperatam
1251 1020 1368 1083 sulutem

110 1118 273 1183 immodico
296 1115 508 1177 celebrantium
530 1114 650 1192 gaudio,
676 1114 814 1176 litoribus
839 1114 973 1194 ripisque
992 1114 1163 1177 resonabat.
1207 1118 1299 1179 Unde
1316 1125 1368 1179 tau

111 1224 176 1278 tum
194 1214 323 1273 redisset
341 1209 441 1272 subito
461 1230 551 1286 mare,
574 1232 635 1292 quo
657 1210 755 1290 pridie
775 1210 943 1289 refugisset,
966 1230 1113 1290 quaenam
1133 1220 1221 1274 esset
1243 1215 1368 1277 eiusdem
1392 1226 1395 1235 '

111 1309 250 1375 elementi
270 1314 385 1381 natura,
407 1306 500 1367 modo
523 1308 648 1382 discors,
666 1307 760 1367 modo
782 1307 909 1385 imperio
929 1314 1098 1384 temporum
1120 1307 1271 1386 obnoxia,
1292 1310 1366 1372 mire·

111 1407 204 1471 bundi
219 1405 419 1485 requirebant.
456 1398 554 1465 ²⁷Rex
567 1424 657 1484 quum
677 1423 716 1463 ex
731 1422 777 1478 eo,
799 1404 882 1484 quod
906 1402 1066 1479 acciderat,
1087 1403 1289 1485 coniectaret,
1309 1414 1368 1488 port

112 1505 186 1568 solis
197 1515 298 1564 ortum
317 1507 425 1562 statum
446 1507 565 1579 tempus
588 1520 664 1573 esse,
685 1500 784 1560 media
804 1504 902 1573 nocte,
921 1506 956 1559 ut
973 1507 1089 1563 aestum
1109 1510 1293 1581 occuparet,
1311 1524 1367 1567 cun

111 1601 216 1681 paucis
229 1597 355 1676 navigiis
368 1597 503 1658 secundo
521 1616 607 1657 amne
629 1597 760 1657 defluxit.
796 1596 986 1677 Evectusque
1005 1617 1042 1659 os
1067 1599 1133 1660 eius
1154 1601 1367 1681 quadringenta

111 1698 207 1759 stadia
228 1693 377 1774 processit
404 1692 436 1753 in
462 1713 559 1769 mare,
589 1693 709 1754 tandem
729 1692 793 1753 voti
816 1693 864 1753 sui
889 1712 1034 1772 compos;
1058 1696 1318 1778 praesidibusque
1343 1704 1366 1758 et

112 1792 202 1853 maris
227 1798 257 1852 et
276 1790 416 1850 locorum
438 1789 495 1851 diis
519 1789 666 1851 sacrificio
688 1790 777 1864 facto,
797 1789 836 1848 ad
857 1788 984 1851 classem
1004 1790 1102 1853 rediit

196 1887 376 1949 XXXVlll.
420 1882 547 1946 X⁵¹llinc
574 1886 733 1946 adversum
761 1885 871 1945 flumen
898 1885 979 1946 subit
1004 1885 1110 1947 classis
1137 1892 1170 1949 et
1197 1890 1299 1953 altero
1326 1892 1364 1952 die

111 1985 238 2066 appulsa
261 1993 307 2045 est
328 1983 408 2044 haud
431 1982 541 2061 procul
570 1981 639 2041 lacu
661 1981 757 2058 salso,
781 1981 867 2042 cuius
892 1981 1044 2061 incognita
1071 1988 1180 2045 natura
1210 1988 1364 2070 plerosque

110 2082 230 2161 decepit
255 2087 368 2141 temere
397 2079 550 2156 ingressos
577 2098 693 2159 aquam.
737 2078 857 2158 Quippe
882 2079 998 2140 scabies
1025 2098 1160 2158 corpora
1193 2082 1364 2160 invasit,et

111 2177 282 2254 contagium
311 2175 409 2236 morbi
436 2177 524 2237 etiam
553 2176 583 2236 in
610 2175 686 2236 alios
711 2175 864 2253 vulgatum
894 2183 947 2236 est.
999 2175 1109 2237 Oleum
1135 2180 1278 2243 remedio
1309 2182 1362 2241 tun

112 2271 285 2335 ²Leonnato
309 2272 415 2331 deinde
442 2272 627 2350 praemisso,
657 2277 690 2332 ut
717 2278 826 2350 puteos
854 2272 988 2347 foderet,
1014 2292 1074 2352 qua
1097 2278 1241 2337 terrestri
1270 2278 1363 2339 itinere

112 2371 257 2432 ducturus
277 2367 442 2429 exercitum
462 2368 628 2443 videbatur,
651 2369 762 2448 quippe
783 2367 864 2429 sicca
887 2375 951 2430 erat
972 2370 1074 2448 regio,
1096 2369 1164 2450 ipse
1185 2392 1259 2434 eum
1278 2374 1363 2454 copiis

111 2465 250 2539 substitit,
275 2484 401 2525 vernum
422 2470 541 2542 tempus
564 2471 734 2543 expectans.
777 2464 898 2525 Interim
919 2472 949 2526 et
968 2466 1060 2527 urbes
1080 2466 1249 2550 plerasque
1272 2470 1363 2532 condi

110 2564 161 2624 dit.
208 2557 369 2621 ³Neercho
389 2566 477 2640 atque
502 2560 671 2621 Onesicrito
691 2561 829 2621 nauticae
848 2561 892 2621 rei
913 2561 1017 2640 peritis
1037 2561 1213 2642 imperavit,
1245 2574 1280 2629 ut
1304 2567 1363 2629 veli

110 2658 247 2719 dissimas
272 2658 392 2717 navium
413 2656 595 2717 deducerent
616 2657 646 2716 iu
669 2677 825 2731 oceanum,
844 2657 1065 2737 progressique,
1089 2661 1193 2740 quoad
1215 2670 1285 2726 tuto
1304 2684 1364 2745 pos

109 2761 190 2831 sent,
213 2760 349 2814 naturam
370 2752 460 2813 maris
478 2760 652 2813 noscerent:
684 2753 733 2815 vel
762 2755 869 2815 eodem
895 2774 981 2814 amne
1006 2755 1056 2815 vel
1082 2756 1242 2836 Euphrate
1272 2763 1363 2825 subire

110 2872 164 2913 eos
186 2870 286 2930 posse,
309 2869 399 2931 quum
422 2848 531 2909 reverti
550 2849 588 2909 ad
609 2870 641 2910 se
663 2850 782 2911 vellent.

194 2947 350 3007 XXXIX.
395 2938 536 3027 ⁴lamque
555 2945 687 3025 mitigata
709 2946 806 3007 hieme
825 2954 856 3007 et
873 2947 1016 3025 navibus,
1043 2968 1119 3030 quae
1141 2951 1267 3016 inutiles
1293 2956 1365 3017 vide-

109 3046 225 3118 bantur,
245 3042 397 3117 crematis‚
423 3048 503 3101 terra
526 3042 655 3103 ducebat
675 3043 848 3106 exercitum.
895 3040 1016 3107 ⁵Nonis
1033 3046 1140 3107 castris
1160 3048 1191 3107 in
1216 3052 1363 3131 regionem

178 3191 202 3254 9,
221 3189 265 3251 37,
284 3187 326 3240 23.
361 3188 566 3241 Persideret.
593 3191 815 3256 F.:praesideret.
836 3222 867 3230 -
886 3194 1150 3259 praecederent.
1179 3197 1224 3249 R:
1245 3202 1365 3267 procede

111 3265 175 3307 rent.
196 3285 224 3294 -
248 3257 274 3317 9,
293 3255 333 3318 37,
352 3254 394 3307 94.
427 3257 470 3306 Et
494 3255 654 3308 lacerata.
684 3260 723 3309 F.:
746 3260 869 3311 lacerato.
890 3288 919 3298 -
952 3261 978 3322 9,
997 3260 1040 3323 37,
1060 3260 1103 3312 27.
1131 3262 1307 3321 Bracaris.
1330 3271 1365 3322 R:

109 3325 198 3375 maris.
229 3326 311 3388 Vergl.
330 3323 356 3384 3,
377 3323 419 3385 21,
435 3322 475 3374 9⁸2.

176 3416 201 3479 9,
221 3414 261 3479 38,
282 3415 305 3465 1.
324 3414 425 3465 Subit.
443 3416 488 3465 F.:
505 3414 589 3464 subiit.
610 3444 638 3453 -
661 3416 853 3485 incognita.
873 3421 912 3469 F.:
930 3420 1024 3487 ipnota.
1051 3421 1132 3471 Jener
1151 3420 1302 3479 Ausdruck
1319 3428 1366 3480 be-

109 3486 230 3535 zeichnet
247 3484 371 3534 scharler.
389 3510 417 3520 -
450 3480 476 3542 9,
494 3479 533 3545 38,
553 3481 576 3533 3.
595 3483 752 3536 Nearcho.
786 3489 924 3538 Nearchus
949 3503 1006 3539 war
1028 3488 1080 3545 der,
1097 3488 1298 3559 Belelrlshaber,
1318 3496 1368 3547 und

109 3554 275 3603 Onesikritus
303 3555 352 3601 der
375 3551 618 3602 Obersteuermann
644 3553 692 3602 der
716 3555 806 3615 licite,
837 3556 937 3606 welche
963 3556 1111 3606 Alexander
1134 3558 1204 3608 dazu
1230 3560 1369 3615 bestlmmt

108 3621 189 3680 hatte,
217 3621 265 3669 das
283 3622 355 3669 Meer
373 3621 410 3669 im
432 3620 520 3669 Sttden
540 3633 594 3668 von
612 3622 704 3670 ludien
726 3636 759 3671 zu
779 3622 933 3673 erlorschen
950 3628 1004 3673 und
1027 3626 1052 3673 in
1071 3626 1119 3676 dus
1134 3626 1280 3688 perslscbe
1299 3633 1369 3683 lieet·

109 3703 142 3738 zu
161 3689 211 3738 deu
230 3688 399 3749 Mundungen
420 3688 467 3737 des
484 3688 603 3750 Euphrat
621 3690 676 3738 und
695 3690 778 3752 Tigris
797 3705 830 3740 zu
849 3692 967 3754 dringen.
1004 3692 1148 3752 Nearchus,
1169 3698 1254 3746 uuter
1269 3698 1368 3763 Philipp

108 3757 201 3815 exilirt,
219 3769 275 3804 war
290 3769 343 3840 vqn
363 3754 511 3804 Alexander
529 3770 590 3838 zqm
611 3757 741 3833 §atrapen
760 3761 875 3807 ernauut
890 3760 998 3809 worden
1017 3754 1116 3839 hortae
1142 3760 1254 3831 καὶτῆς
1279 3764 1368 3835 ἐχομέ-

106 3819 518 3954 tttttttttttihtth
600 3818 876 3957 interstitit?
892 3826 1369 3964 tibitibi&⁵93⁰?le

109 3964 175 4010 στῶν
193 3962 316 4023 genennt.
356 3959 399 4008 hls
425 3959 467 4007 die
489 3959 571 4008 Flotte
599 3958 647 4008 aul
667 3960 727 4010 dem
748 3961 888 4023 Hydaspes
918 3961 1034 4025 gebildet
1050 3965 1132 4021 ward,
1159 3965 1257 4017 erbielt
1276 3984 1307 4019 er
1325 3972 1367 4021 dle

109 4029 187 4078 Stelle
209 4031 281 4078 eines
298 4025 387 4096 rpiqpc
405 4042 462 4096 χος,
480 4027 598 4089 zugleich
614 4026 679 4076 aber
698 4029 767 4077 auch
785 4029 836 4078 den
853 4028 1011 4079 Oberbetehl
1029 4029 1098 4080 tiber
1115 4031 1159 4081 die
1178 4046 1266 4097 genae
1285 4038 1368 4087 Flotte

107 4096 145 4145 als
161 4092 300 4165 ναύαρχος.
336 4097 366 4144 N.
386 4042 527 4145 bescbrieb
550 4096 623 4145 scine
644 4096 723 4144 Fabrt
744 4100 823 4146 unter
840 4096 900 4146 dem
921 4098 987 4147 Titel
1004 4094 1164 4166 παράπλους,
1192 4114 1293 4155 wovon
1311 4108 1368 4155 Arr.

108 4164 186 4212 einen
206 4166 311 4226 huszug
333 4164 450 4213 erhalten
470 4163 523 4212 hat.
542 4190 574 4198 -
594 4164 760 4213 Ouesikritus
786 4177 842 4212 war
861 4165 960 4214 vorher
978 4166 1154 4217 Steuermann
1177 4168 1227 4219 dea
1247 4172 1367 4235 schidae,

107 4230 155 4280 aul
171 4231 300 4280 welchem
320 4231 467 4280 Alexander
485 4231 527 4281 die
546 4230 684 4280 indischen
703 4231 793 4281 fluisse
809 4231 913 4281 beiuhr.
952 4233 1019 4283 Dass
1033 4246 1063 4283 er
1080 4231 1304 4309 ἀρχικυβερνήτης
1321 4240 1368 4291 der

107 4297 371 4360 Entdechungsssotte
389 4312 451 4360 war,
477 4298 609 4348 berichtot
623 4298 711 4348 Streb.
732 4296 773 4358 15,
792 4296 849 4348 rat.
890 4300 925 4350 Er
941 4301 977 4351 ist
994 4314 1086 4364 wegen
1101 4304 1193 4353 saluar
1210 4304 1367 4371 Lugenhal-

108 4365 197 4427 tigheit
214 4364 258 4414 bei
278 4366 329 4414 den
349 4366 423 4415 Alten
442 4366 504 4415 sehr
525 4365 584 4415 hbet
603 4366 777 4430 berhchtiget.
795 4394 822 4402 —
853 4366 979 4429 subire,
1010 4369 1114 4421 uhnlich
1139 4372 1192 4421 wie
1212 4370 1255 4437 1⁰,
1273 4372 1299 4437 2,
1320 4372 1366 4426 16:

107 4429 186 4479 donce
196 4430 231 4479 ad
241 4430 384 4497 Euphratis
395 4432 461 4481 ostia
478 4431 635 4499 appellerent
648 4432 768 4484 cluaeetn:
785 4433 843 4484 inde
862 4434 1003 4485 adserto
1023 4452 1116 4487 amare
1127 4435 1268 4505 uatyhu
1287 4442 1366 4493 eat-

105 4496 223 4547 itaror.
252 4497 278 4559 9,
299 4494 339 4560 34,
359 4497 387 4548 7:
413 4500 487 4548 tertio
508 4500 548 4547 die
566 4500 672 4549 mistum
691 4501 789 4564 flumini
805 4501 947 4553 subibat
963 4518 1040 4553 mare.

173 4586 198 4648 9,
218 4586 260 4648 39,
279 4586 304 4636 l.
339 4589 553 4639 Exercitum.
593 4594 642 4643 Dia
667 4607 749 4656 ganza
772 4595 893 4658 folgende
913 4596 1087 4660 Schilderung
1110 4598 1146 4649 iet
1169 4599 1208 4649 lm
1232 4599 1365 4655 huomtm
