2820 4964
100 141 1195 255 namra.exxxneremnrmnxixrvneao.
1204 189 1232 252 1.
1248 184 1317 305 erp

58 368 128 424 rant
140 362 291 423 incentum
301 365 332 421 et
341 360 531 422 temerarium
540 376 642 439 regem
656 359 754 439 excipi
775 379 876 439 posse.
900 360 940 421 Et
961 359 1041 420 ioris
1059 359 1139 422 inter
1156 352 1317 443 promptis

58 461 155 520 simos
178 458 324 518 dimicans
348 457 476 519 intactus
504 461 648 518 evaserat
687 451 1123 536 ²2Pmeoipne.‚Ptolemeens,
1147 457 1237 522 laevo
1263 461 1317 523 bu-

59 575 148 617 mero
176 554 283 615 leviter
303 553 423 634 quidem
443 551 581 629 saueius,
606 553 660 614 sed
679 554 793 615 maiore
811 553 970 634 periculo,¹
987 573 1084 634 qnam
1102 554 1228 616 vulnere
1248 559 1317 620 'atie

59 659 146 727 etus,
170 651 251 729 regis
273 649 506 710 sollicitudinem
525 650 554 709 in
577 668 611 711 se
634 656 832 712 eonverterat
872 649 1025 728 Sanguine
1044 650 1222 716 ooninnotua
1242 660 1316 735 erat,

58 757 93 810 et
114 748 236 830 quidam
257 745 397 825 Philippo
419 745 550 824 genitum
574 765 642 807 esse
671 746 849 824 eredebant,
879 751 962 808 certe
989 745 1099 826 pellice
1123 749 1191 810 eins
1218 758 1317 815 ortum

61 845 229 907 constabat.
262 837 380 904 23Ιιίιιιιι
401 843 541 920 corporis
564 849 668 905 eustos
686 842 988 930 promptissimusque
1007 843 1152 922 bellator,
1183 850 1214 908 et
1233 849 1317 927 peois

61 942 195 1018 artibus,
210 959 300 1020 qnam
318 938 439 999 militiae
461 938 557 1000 maior
578 946 609 1000 et
628 939 750 1015 elarior,
769 940 894 1002 modion
914 937 1055 1020 oivilique
1073 941 1167 1017 oultn,
1184 943 1317 1006 liberalis
1342 966 1347 973 ·

61 1037 231 1117 inprimis,
249 1037 392 1115 adituque
413 1035 510 1111 facili,
536 1035 611 1096 nihil
634 1056 671 1098 ex
686 1029 766 1098 testu
785 1036 871 1116 regio
889 1044 1099 1117 assumpserat.
1131 1032 1222 1102 ,2405
1242 1042 1317 1103 lraee
1345 1016 1358 1043 ‘

60 1135 129 1214 regi
146 1155 184 1196 en
206 1133 404 1212 popularibus
425 1130 525 1192 earior
548 1140 642 1208 esset,
670 1133 808 1195 dubitari
826 1138 960 1212 poterat,
989 1139 1053 1195 tom
1080 1142 1164 1198 certe
1188 1138 1319 1217 primunr

61 1239 206 1312 expertus
225 1250 349 1292 suornm
371 1228 496 1304 animos
517 1229 595 1290 eden
610 1236 646 1290 nt
664 1230 825 1306 fortunam,
843 1230 875 1290 in
894 1249 983 1310 quam
1002 1236 1109 1313 postea
1126 1234 1269 1310 aseendit,
1285 1235 1318 1295 'm

63 1329 119 1389 illo
138 1326 273 1407 periculo
297 1327 481 1391 Macedones
501 1325 624 1389 ominati
656 1345 724 1387 esse
754 1327 917 1386 rideantur.
951 1321 1109 1407 ²⁵Qnippe
1132 1348 1195 1390 non
1221 1330 1319 1394 levior

62 1424 126 1485 illis
146 1423 309 1484 Ptolemaei
328 1423 386 1484 fuit
405 1442 493 1500 eura,
512 1443 603 1503 quam
620 1423 717 1502 regis:
739 1421 791 1502 qui
811 1427 844 1482 et
861 1421 982 1500 proelio
1002 1429 1035 1483 et
1054 1423 1256 1487 sollieitudine
1276 1429 1319 1488 in-

61 1521 175 1599 tigatns
193 1519 471 1600 quumPtolemeen
491 1517 646 1594 assideret,
664 1518 785 1593 lectum,
804 1517 835 1577 in
854 1537 914 1598 quo
935 1517 1003 1598 ipse
1024 1521 1239 1600 acquiesceret,
1254 1524 1320 1586 ina.

63 1620 105 1679 sit
125 1618 235 1677 inferri.
275 1609 344 1676 26Ιιι
362 1634 451 1697 quem
470 1619 504 1675 ut
526 1633 560 1676 se
580 1614 704 1694 recepit,
730 1613 868 1693 protinus
889 1613 978 1677 altior
995 1616 1173 1700 insequutus
1196 1627 1255 1684 est·
1268 1638 1319 1685 so·

62 1734 161 1777 mnus.
184 1715 309 1793 Exque
331 1711 486 1787 excitatus,
509 1731 565 1790 per
585 1710 716 1791 quietem
735 1712 847 1775 vidisse
863 1731 898 1774 se
915 1715 1042 1793 exponit
1058 1717 1192 1796 speeiem
1212 1720 1319 1783 draeo

63 1814 111 1874 nis
134 1811 262 1872 oblatam
284 1809 406 1869 herbam
424 1808 548 1870 ferentis
569 1827 633 1884 ore,
652 1826 742 1888 quam
760 1808 867 1870 veneni
885 1811 1050 1873 remedium
1071 1820 1139 1876 esse
1157 1825 1319 1881 monstras·-

64 1916 125 1969 set:
156 1902 327 1967 27ιιοΙοιιιιιι
345 1925 467 1986 quoqne
486 1905 596 1966 herbae
616 1905 774 1981 referebat,
793 1906 971 1985 agnitnmm,
990 1907 1105 1990 siquis
1125 1915 1319 1994 repperisset,

63 2006 240 2074 affirmans„
268 2002 421 2062 Inventam
446 2002 563 2076 deinde,
588 2001 700 2082 qnippe
720 2021 738 2061 a
757 2002 859 2064 multis
877 2004 966 2065 simul
985 2010 1050 2066 erat
1079 2009 1230 2089 requisita,
1255 2013 1320 2073 vul-

63 2102 131 2162 neri
150 2098 310 2176 imposuit:
341 2097 540 2176 protinusque
562 2098 670 2158 dolore
690 2098 792 2173 linito,
818 2099 897 2161 intra
918 2101 1012 2163 breve
1038 2105 1169 2182 spatium
1193 2108 1320 2170 oioattix

62 2212 187 2276 quoque
205 2191 337 2251 obducta
358 2198 412 2252 est.
445 2187 634 2254 ²⁸Barbaros
654 2199 689 2253 ut
711 2193 809 2271 prima
824 2213 896 2273 spes
913 2197 1076 2277 fefellerat,
1103 2221 1137 2264 se
1158 2202 1242 2284 ipsos
1254 2222 1319 2271 nr·

63 2295 194 2367 bemqne
215 2286 404 2348 dediderunt.
1078 2329 1081 2333 -
1162 2330 1165 2335 -
1247 2322 1256 2329 ·
1289 2322 1293 2329 ·

150 2383 302 2443 XXXlV.
345 2383 422 2442 lline
444 2382 474 2441 in
492 2384 660 2460 proximam
680 2393 798 2465 gentem
810 2387 953 2449 Pataliam
972 2400 1148 2470 perventum
1166 2405 1232 2462 eat,¹
1253 2398 1320 2461 Re'x

64 2487 130 2544 erat
141 2479 264 2550 Moeris,
283 2479 336 2559 qni
355 2479 431 2539 urbe
452 2479 572 2540 deserta
590 2481 622 2542 in
640 2487 758 2544 montes
776 2484 959 2564 profugerat.
994 2483 1130 2572 ²9Itaque
1148 2491 1321 2557 Alexander
1365 2515 1370 2520 ·

64 2576 181 2657 oppido
202 2576 317 2653 potitur
339 2593 490 2655 agrosque
519 2576 692 2654 populatur.
733 2579 860 2657 Magnae
885 2579 956 2642 inde
978 2582 1115 2663 praedae
1145 2595 1230 2652 artae
1250 2599 1321 2654 aunt

65 2693 212 2755 pecorum
224 2678 496 2751 armentorumque,
515 2673 679 2751 magnavis
696 2680 817 2755 reperta
835 2679 984 2743 iumenti.
1018 2675 1193 2747 ³⁰Dneibus
1211 2684 1320 2750 deinde

65 2769 192 2848 sumptis
214 2768 308 2828 amnis
327 2767 440 2846 peritis,
464 2767 588 2829 defluxit
606 2768 646 2830 ad
665 2770 792 2832 insulani
808 2774 1026 2838 medioterme
1044 2778 1132 2841 alveo
1152 2789 1278 2847 eurum·

40 2863 44 2868 ’
149 2858 252 2924 IX2¹lbi
276 2865 388 2925 diutius
410 2863 575 2924 subsistere
601 2873 740 2942 coactns,
765 2867 838 2947 quia
864 2870 962 2932 dnees
988 2876 1149 2938 sooordius
1174 2882 1321 2944 asservati

46 2965 269 3044 profugerent,
292 2959 380 3035 misit,
403 2959 454 3040 qui
474 2960 686 3041 conquirerent
706 2962 791 3038 alios,
811 2983 868 3025 nee
890 2970 1027 3046 repertis,
1048 2973 1192 3050 pervicax
1207 2977 1319 3056 cupido

64 3059 180 3121 visendi
192 3076 339 3118 oceanum
349 3054 537 3135 adeundique
557 3058 700 3119 terminos
716 3059 823 3119 *mundi
843 3061 908 3122 sine
928 3066 1060 3144 regionis
1081 3069 1186 3148 peritis
1205 3073 1320 3136 ilnrnini

64 3158 168 3234 ignoto
190 3160 281 3232 eaput
302 3171 390 3213 sunm
413 3156 517 3232 totque
544 3152 775 3217 fortissimorum
798 3159 933 3220 virorum
952 3161 1078 3225 salntem
1099 3168 1274 3246 permittere
1287 3168 1318 3236 e,
1355 3181 1358 3184 ·

131 3376 215 3440 aba,
233 3375 275 3462 2'3.
312 3375 476 3443 Corporis
503 3383 626 3428 eustos.
663 3379 720 3431 lrr.
736 3378 856 3460 ,9994
881 3384 950 3465 sebit
973 3388 1018 3438 thu
1042 3393 1123 3442 unter
1146 3388 1199 3442 den
1225 3390 1319 3444 sieben

62 3443 527 3590 ttttltttlitzb‘lffdb
542 3446 598 3565 ii‘·
613 3444 1320 3591 {liiii}fii,'“iiilu}e'1i’1i,³'1i⁶ioi‘iiff

62 3583 155 3633 selben
173 3581 272 3631 Sncbe:
299 3595 362 3646 per
388 3586 525 3658 petatem
543 3580 598 3659 req}
615 3588 759 3632 monstrata
781 3584 809 3634 in
832 3586 945 3638 remedia
968 3591 1057 3641 ameni
1075 3590 1176 3645 acrba
1195 3596 1242 3656 est,
1268 3594 1320 3663 qun

61 3652 89 3698 ia
107 3656 171 3716 potu
192 3655 308 3714 acceptu,
334 3654 422 3695 statam
439 3645 699 3712 persentientes-aem
717 3658 763 3711 est,
790 3652 923 3720 maiorque
937 3673 1001 3723 pare
1020 3661 1147 3719 emacitas
1169 3662 1218 3713 boe
1235 3679 1320 3713 reme·

62 3718 103 3767 dio
123 3723 235 3766 serrata.
249 3743 277 3751 -
297 3713 324 3774 9,
335 3712 375 3776 33,
387 3712 428 3764 27.
444 3713 501 3762 luo
511 3722 624 3765 estam.
645 3718 685 3768 F.:
703 3717 887 3786 inventamque.
901 3749 931 3760 ·-
954 3725 1051 3777 simul
1065 3742 1118 3779 von
1134 3732 1160 3781 Z.
1174 3735 1318 3794 zugesetzt.

127 3830 152 3892 9,
171 3828 211 3892 34,
231 3828 274 3880 98.
309 3828 496 3878 Petalium.
522 3830 562 3880 F.:
580 3829 734 3882 Patlrniinm.
769 3835 856 3887 Streb.
873 3835 913 3900 15,
933 3836 1067 3906 701sagt,
1095 3842 1159 3896 dass
1177 3847 1226 3899 das
1243 3844 1320 3901 neue

61 3900 109 3947 des
130 3900 211 3949 ludus
232 3894 441 3964 ΙΙατταληνή
469 3898 536 3947 oder
555 3892 709 3968 Πιτταλήνη
733 3900 790 3952 und
809 3902 869 3954 eine
888 3905 1059 3961 bedentende
1083 3912 1162 3963 Stadt
1184 3913 1259 3964 darie
1286 3910 1319 3962 τὰ

60 3961 219 4016 Πάτταλα
237 3967 333 4018 beisse.
365 3967 418 4050 llus
435 3968 542 4082 ¹¹⁰⁰i¹3⁰
561 3966 638 4016 Tatta
656 3970 751 4019 dentet
767 3971 837 4021 wohl
857 3974 906 4023 aut
917 3975 999 4037 jenen
1018 3979 1125 4030 liemon
1136 4007 1168 4015 -
1186 3978 1210 4043 9,
1223 3976 1264 4043 34,
1275 3978 1317 4032 99.

59 4032 208 4083 Praedue
226 4040 330 4082 actae.
357 4035 383 4084 b.
396 4048 428 4082 zu
448 4031 473 4094 9,
492 4030 510 4082 d
528 4066 537 4092 ,
555 4030 579 4085 7.

126 4148 151 4208 9,
170 4145 211 4212 st,
229 4146 269 4200 30.
299 4146 457 4198 Insulam.
493 4146 528 4197 Es
553 4148 589 4198 ist
612 4146 657 4200 hei
674 4148 726 4201 deu
743 4150 867 4217 biutlgen
885 4156 942 4209 und
959 4096 1032 4219 ndeb
1055 4161 1122 4215 dane
1141 4142 1332 4219 unbesmodis

58 4229 110 4279 gen
127 4217 377 4280 Stromspaltungen
394 4217 430 4265 im
452 4219 549 4266 untern
566 4216 634 4266 Leni
653 4218 701 4268 des
722 4218 803 4270 ludus
821 4235 888 4285 ganz
906 4227 1066 4293 unmoglich,
1090 4231 1140 4283 mit
1155 4230 1318 4291 Bestimmtq

58 4285 114 4333 heit
131 4285 296 4348 auzugeben,
318 4285 434 4335 welcher
451 4284 537 4333 Punlt
554 4283 613 4334 hier
630 4287 748 4348 gemeint
766 4288 815 4338 sei.
1144 4286 1148 4295 '

125 4399 149 4477 e,
166 4396 211 4460 aa,
231 4399 253 4449 1.
290 4396 433 4477 ceper..
465 4400 540 4477 neu
557 4401 598 4452 a:
620 4399 725 4451 mrem
743 4399 820 4468 uqa
839 4401 1041 4457 emtam
1060 4381 1226 4462 saeuam
1243 4413 1317 4480 qa.

56 4467 111 4516 dem
130 4483 160 4516 ιιι
175 4468 226 4531 fiere
243 4466 366 4516 erciam
382 4475 526 4534 putaremus
541 4464 645 4517 eadum
661 4469 791 4534 eoepit,
810 4470 853 4521 nei
868 4471 958 4523 sinite.
972 4500 1006 4515 --
1025 4483 1078 4526 tet
1094 4478 1318 4543 fortissime·

55 4536 386 4667 Egffflqgeesrgggiennept
406 4537 497 4587 dieser
514 4535 594 4587 Fabri
611 4549 668 4587 war
682 4538 833 4591 alexauder
854 4553 909 4591 nur
932 4544 1100 4651 voe-einana
1120 4548 1227 4601 tlelnen
1245 4549 1317 4601 lbett
