2820 4964
96 156 160 223 om
569 157 609 236 o.
634 156 774 218 coam
796 154 902 217 narr.

101 329 164 404 quis
173 325 269 407 serat
287 344 351 385 nou
371 332 495 385 tuorum
517 325 604 385 modo
623 325 774 400 militum,
795 323 848 384 sed
866 323 964 385 ultim
981 322 1085 400 gentis
1106 318 1260 382 barbarae
1279 323 1355 397 cira,

98 424 153 500 qui
162 430 249 482 tuam
267 421 515 499 magnitudinem
531 422 641 481 nouit?
680 416 704 458 ¹2
711 423 828 480 Horret
847 420 971 479 animus
988 419 1176 496 cogitatione
1191 420 1248 495 rei,
1269 439 1356 497 pean

96 517 193 595 paulo
215 525 288 576 ante
309 517 450 577 uidimus.
495 517 609 595 Eloqui
627 518 733 592 timeo,
751 518 864 576 inuecti
880 516 1015 593 corporis
1035 515 1135 592 spolia
1154 515 1363 575 inertissimas'

98 613 320 692 manusfuisse
338 613 523 691 infectum,
543 613 608 671 nisi
627 619 655 672 te
678 614 880 691 interceptum
900 612 1069 671 misericors
1087 612 1125 671 in
1144 630 1202 672 nos
1215 611 1356 688 fortuna

98 716 250 769 curasset.
298 710 436 769 Totidem
451 707 639 789 proditores,
664 708 787 768 totidem
808 708 971 769 desertores
995 726 1117 784 sumas,
1148 715 1225 786 quot
1250 715 1280 767 te
1298 728 1356 769 noa

95 806 253 881 potuimus
268 807 419 883 persequi.
445 801 651 864 ·1³[Jnausos
675 805 747 864 licet
765 806 878 865 milites
896 804 1070 882 ignominia
1088 810 1184 876 notes,
1204 823 1297 865 nemo
1313 825 1355 864 ra

99 897 218 965 curabit
235 901 319 959 luere
339 900 380 973 id,
406 899 487 976 quod
509 921 548 959 ne
568 901 758 976 admitteret,
778 907 941 979 praestare
968 918 1033 959 non
1054 901 1172 978 potuit.
1213 893 1355 959 ¹*Patere

98 1014 162 1070 nos,
181 1015 297 1073 quaeso,
320 996 383 1055 alio
401 996 489 1056 modo
509 1016 568 1056 esse
588 997 662 1055 uites
682 994 745 1056 tibi.
791 996 977 1073 Quocunque
996 997 1128 1071 iusseris,
1146 993 1271 1058 ibimus.
1305 994 1354 1055 Ob-

98 1110 189 1150 scura
202 1093 345 1169 pericula
366 1098 397 1150 et
417 1091 563 1170 ignobiles
582 1111 708 1170 pugnas
726 1089 811 1150 nobis
831 1091 1034 1169 deposcimus‚·
1054 1093 1248 1170 temetipsum
1267 1091 1311 1150 ad
1323 1111 1354 1150 ea

97 1205 286 1262 serraquae
305 1188 552 1265 magnitudinem
572 1196 658 1248 tuam
681 1189 818 1264 cupiunt.
864 1187 930 1251 Crto
948 1187 1053 1265 glom‘a
1072 1186 1228 1247 obsolescit
1244 1187 1282 1245 in
1300 1205 1356 1245 sor-

98 1280 178 1341 didis
189 1281 329 1358 hostibus,
350 1302 406 1343 nec
425 1286 588 1364 quicquam
607 1284 768 1361 indignius
787 1291 839 1360 est,
859 1303 953 1363 quam
972 1284 1114 1343 consumi
1128 1301 1207 1357 eam,
1224 1279 1284 1341 ubi
1299 1301 1355 1341 mn

93 1379 192 1455 possit
213 1378 337 1439 ostendi.
378 1373 522 1441 ¹⁵Eadem
542 1382 605 1440 fere
624 1379 815 1440 Ptolemaeus
846 1386 877 1441 et
900 1378 1008 1440 similia
1026 1377 1075 1439 his
1093 1377 1196 1439 ceteri.
1239 1377 1356 1458 Iamque

100 1474 233 1535 confusis
252 1475 378 1536 vocibus
401 1476 506 1538 flentes
516 1497 583 1537 eum
606 1475 739 1548 orabant,
759 1481 792 1535 ut
813 1475 932 1536 tandem
950 1475 1111 1535 exsatiatae
1130 1473 1215 1535 laudi
1238 1475 1356 1535 rhodum

98 1571 219 1646 laceret,
240 1591 276 1632 ac
294 1572 382 1633 saluti
406 1593 487 1649 snae,
509 1573 539 1634 id
563 1579 608 1633 est
628 1570 776 1650 publicae,
795 1577 944 1649 parceret.

181 1668 288 1730 XXV.
328 1664 455 1731 ¹⁶Grata
474 1676 538 1731 erat
561 1668 626 1746 regi
651 1668 747 1746 pietas
768 1667 942 1727 amicorum.
983 1666 1088 1744 ltaque
1113 1664 1254 1744 singulos
1280 1668 1358 1727 faosi-

99 1762 203 1822 liarius
225 1765 379 1842 amplexus
402 1766 561 1827 considere
579 1765 670 1824 iubet.
707 1757 894 1842 ¹⁷Altiusque
924 1781 1064 1823 sermone
1091 1761 1239 1839 repetito,
1279 1762 1359 1825 Vobis

100 1858 234 1934 quidem,
257 1861 367 1938 inquit,
390 1881 406 1920 o
426 1862 578 1939 fidissimi
593 1861 783 1938 piissimique
802 1860 915 1918 ciuium
938 1865 1029 1935 atque
1050 1859 1240 1933 amicorum,
1256 1868 1359 1939 grates

99 1973 158 2030 ago
178 1950 334 2031 habeoque,
357 1977 421 2016 non
438 1957 535 2015 solum
559 1975 592 2015 eo
613 1957 745 2029 nomine,
765 1955 848 2032 quod
865 1954 952 2015 bodie
971 1954 1102 2014 salutem
1121 1973 1224 2013 meam
1246 1965 1360 2016 uestrae

93 2050 303 2126 praeponitis,
333 2053 387 2112 sed
406 2052 488 2130 quod
508 2071 528 2109 a
541 2051 725 2129 primordiis
746 2050 818 2113 belli
836 2052 961 2111 nullum
981 2070 1056 2128 erga
1074 2069 1122 2110 me
1141 2048 1360 2113 beniuolentiae

94 2146 212 2221 pignus
234 2153 324 2222 atque
344 2147 493 2207 indicium
523 2149 681 2223 omisistis,
711 2149 786 2208 adeo
809 2155 847 2207 ut
872 2145 1080 2223 confitendum
1108 2147 1168 2221 sit,
1199 2167 1359 2226 nunquam

100 2239 179 2298 mibi
194 2242 291 2300 uitam
312 2262 411 2303 meam
422 2244 530 2324 fuisse
552 2251 616 2303 tam
637 2265 764 2318 caram,
795 2264 888 2321 quam
912 2263 973 2303 esse
993 2243 1105 2320 coepit,
1133 2249 1174 2303 ut
1199 2241 1285 2303 uobis
1310 2245 1362 2305 diu

90 2334 174 2414 frui
182 2340 305 2415 possim.
343 2333 517 2401 18Ceterum
541 2360 604 2400 non
627 2342 731 2401 eadem
756 2347 802 2400 est
828 2340 973 2418 cogitatio
995 2357 1115 2412 eorum,
1148 2340 1207 2416 qui
1228 2358 1294 2417 pro
1318 2360 1361 2400 me

100 2435 182 2493 mori
201 2441 329 2512 optant,
356 2443 387 2495 et
410 2456 497 2497 mea:
525 2438 717 2515 quiquidem
739 2436 821 2496 banc
845 2434 1078 2495 beniuolentiam
1098 2440 1232 2495 uestram
1249 2439 1361 2497 autute

100 2533 243 2590 meruisse
271 2551 319 2590 me
344 2533 455 2596 iudico.
501 2535 555 2594 Vos
583 2535 663 2593 enim
694 2535 878 2594 diuturnum
893 2531 1046 2611 fructum
1069 2548 1109 2588 eu
1131 2549 1196 2606 me,
1212 2531 1361 2609 forsitan

100 2627 192 2682 etiam
208 2633 410 2704 perpetuum,
436 2631 592 2707 percipere
615 2633 745 2708 cupitis:
769 2647 823 2706 ego
845 2647 893 2686 me
908 2627 1017 2685 metior
1039 2640 1104 2685 non
1125 2629 1239 2687 aetatis
1255 2633 1360 2708 spatio,

101 2719 154 2779 scd
168 2721 295 2798 gloriae.
333 2716 358 2758 ¹⁹
367 2723 477 2783 Licuit
489 2727 632 2803 paternis
652 2725 755 2803 opibus
771 2730 912 2784 contento
930 2723 1017 2780 intra
1030 2721 1237 2783 Macedoniae
1262 2727 1360 2785 termi

101 2835 156 2874 nos
173 2835 232 2895 per
260 2820 356 2878 otium
385 2823 519 2898 corporis
544 2829 703 2899 expectare
731 2819 887 2880 obscuram
914 2824 946 2876 et
971 2815 1135 2896 ignobilem
1159 2827 1360 2881 senectutem:

101 2931 287 2991 quamquam
312 2936 351 2975 ne
373 2916 465 2995 pigri
488 2918 608 2995 quidem
634 2916 693 2977 sibi
707 2915 790 2997 fata
822 2915 1004 2994 disponunt,
1025 2912 1078 2974 sed
1097 2915 1228 2975 unicum
1249 2914 1359 2977 bonurn

103 3141 119 3190 7
140 3146 209 3193 doch
227 3143 394 3215 ὀχυρωτάτην
415 3152 467 3196 τῶν
485 3147 639 3216 πλησίον.
659 3151 739 3200 Jener
752 3149 892 3200 ausdruck
912 3148 958 3197 hat
975 3146 1129 3210 gleiohwohl
1150 3148 1226 3198 scine
1240 3151 1360 3200 Besech-

103 3212 202 3273 tignng,
220 3227 299 3262 wenn
320 3229 380 3262 man
401 3219 506 3278 erwa'gt,
525 3218 587 3266 dass
606 3217 736 3268 dioFeste
753 3218 793 3266 hir
814 3217 856 3266 die
871 3216 999 3266 Griechen
1018 3215 1114 3263 immet
1129 3213 1253 3279 ignobilis
1275 3219 1360 3282 (vergi.

104 3279 131 3328 C.
152 3276 176 3338 9,
194 3277 237 3339 96,
256 3278 299 3342 99]
318 3296 381 3343 war,
399 3283 454 3330 1md
476 3284 537 3333 dass
553 3285 592 3333 sie
619 3285 645 3333 in
665 3285 804 3347 Vergleioh
826 3298 859 3333 zu
877 3284 929 3333 den
950 3285 1027 3332 sonst
1049 3295 1102 3330 von
1119 3282 1189 3331 hier.
1212 3283 1362 3335 hberwun-

103 3345 189 3396 denen
201 3349 311 3397 Stadten
330 3363 381 3397 nur
399 3351 437 3398 als
454 3350 526 3397 uiua
539 3349 657 3414 ignobilis
676 3353 825 3416 angosehen
839 3352 948 3400 werden
965 3351 1070 3398 konnte.
1085 3375 1117 3384 -
1141 3346 1259 3400 ullius
1283 3368 1362 3419 qen-

105 3412 153 3462 tis.
178 3415 220 3464 h:
237 3413 315 3464 ullius
335 3416 411 3464 etium
428 3416 519 3481 gentis.
538 3445 569 3452 —
590 3420 695 3470 nouit.
712 3421 832 3471 Andere:
852 3417 929 3466 norit.

170 3502 196 3563 9,
217 3503 259 3565 94,
280 3505 318 3557 19,
353 3507 470 3572 Spolia
488 3507 727 3561 inertissimas
747 3525 862 3558 manas
880 3508 996 3571 fuisse
1014 3506 1219 3570 iniecturus.
1241 3509 1283 3558 F.:
1304 3527 1362 3577 spo·

105 3569 146 3619 liis
165 3572 330 3623 inertissimos
352 3591 440 3624 miricas
464 3577 484 3639 s.
507 3576 650 3626 iniecturos.
674 3606 702 3614 -
734 3573 822 3637 9,94,
844 3575 885 3626 13.
914 3575 1110 3624 Praestare.
1147 3575 1201 3625 Der
1219 3574 1363 3627 Ausdruck

103 3640 139 3689 ist
154 3640 222 3689 anch
242 3643 300 3691 hier
319 3658 367 3693 aas
386 3644 441 3704 der,
459 3647 550 3706 spoter
571 3647 597 3695 in
617 3647 664 3695 der
675 3645 848 3708 juristischen
866 3643 983 3705 Sprache
1001 3642 1150 3692 besonders
1168 3643 1297 3707 hauligen
1311 3647 1363 3695 Be-

105 3708 238 3771 doutung:
268 3710 309 3758 ihr
335 3714 418 3762 etwas
447 3714 590 3776 einstehen,
622 3718 706 3764 etwas
731 3716 866 3762 vertreten
894 3725 927 3760 zu
953 3710 1080 3760 erklaren.
1118 3708 1167 3758 Die
1183 3710 1364 3773 ‘Macedonia

104 3777 222 3825 konnlen
243 3779 316 3827 nicht
337 3781 552 3830 verontwortlich
571 3783 628 3832 sein
649 3783 675 3829 in
692 3781 792 3832 Betrell
807 3781 880 3830 einer
897 3778 1043 3840 Handlung‚
1071 3776 1173 3826 welche
1193 3780 1364 3829 2111011911]-

104 3859 151 3894 ren
171 3846 242 3894 nicht
260 3847 287 3894 in
308 3847 380 3896 ihrer
399 3849 487 3897 hlacht
508 3847 556 3912 lag.

172 3933 195 3996 9,
215 3932 258 3996 94,
280 3933 316 3986 sl.
354 3936 526 3987 Pericula.
555 3939 595 3987 F.:
626 3936 701 3986 bella.
737 3936 838 3987 Bellum
857 3938 884 3984 in
910 3936 958 3985 der
980 3935 1136 3997 Bedeutnog
1162 3947 1216 3984 von
1237 3936 1366 4000 proelium

105 4003 139 4052 ist
157 4004 218 4053 dem
236 4007 262 4054 C.
281 4011 357 4056 sonst
374 4006 446 4055 nicht
466 4020 532 4068 ganz
551 4006 644 4056 trornd.
681 4007 769 4067 Vergl.
790 4002 816 4062 3,
836 4001 878 4064 93,
896 4000 919 4052 3.
940 4031 968 4040 -
997 4001 1039 4051 ad
1064 4017 1102 4050 ea
1120 4016 1230 4051 seraa.
1262 4004 1307 4053 P:
1334 4003 1366 4053 ad

105 4086 136 4117 ea
151 4087 226 4120 serua
240 4073 366 4137 periendo.
387 4101 415 4109 -
445 4071 471 4132 9,
492 4069 535 4132 94,
558 4071 596 4122 lb.
614 4072 722 4121 Laudi
739 4071 863 4120 modam
880 4071 1024 4133 faceret.
1058 4068 1128 4119 aaa
1146 4069 1204 4119 hier
1222 4071 1259 4119 im
1280 4071 1366 4122 iiber-

106 4140 232 4200 tragenen
251 4142 327 4189 Sino:
347 4142 389 4190 die
402 4142 537 4203 Reginae,
557 4142 606 4190 das
627 4140 741 4191 Streben
757 4139 825 4189 nach
844 4138 908 4189 Lol).
933 4140 958 4186 S.
973 4139 1025 4187 liv.
1046 4133 1070 4199 4,
1088 4134 1181 4198 5941
1201 4152 1281 4202 quasa
1299 4156 1365 4189 mo-

106 4203 175 4253 dum
192 4207 268 4254 irae
286 4206 416 4255 stallum
434 4209 579 4270 faceret.

172 4294 253 4358 9,25,
275 4297 313 4346 17.
349 4297 511 4347 Piissini.
547 4301 623 4347 Zwar
644 4298 728 4346 tadelt
752 4299 845 4346 Cicero
869 4297 921 4345 den
940 4288 1080 4345 Gabrauoh
1105 4295 1194 4345 dieser
1215 4295 1296 4346 Form
1324 4298 1364 4346 hei

106 4363 235 4414 Antonias
260 4367 296 4414 als
322 4367 497 4416 unlateinisch
523 4367 552 4426 (s.
579 4365 687 4427 Philipp.
710 4362 748 4424 13,
772 4362 811 4426 19,
830 4359 877 4413 43;
908 4370 935 4411 tu
953 4378 1032 4428 porro
1059 4378 1090 4410 ne
1107 4361 1300 4477 quequisic»,
1324 4363 1366 4413 sel

105 4429 284 4492 piissimos
305 4433 414 4496 qnaeris,
432 4441 454 4481 ot
478 4430 719 4498 quodoerbura
738 4432 864 4480 omnino
892 4428 1023 4481 nullum
1046 4429 1081 4479 iu
1121 4429 1226 4495 inqua
1255 4429 1365 4481 latino

107 4503 168 4554 est,
186 4497 213 4543 id
227 4507 332 4563 propter
354 4508 422 4549 ruam
439 4501 551 4550 divinam
564 4500 695 4566 pietatem,
716 4516 832 4549 novum
851 4497 1022 4564 inducis)‚·
1050 4497 1176 4549 indessen
1195 4497 1290 4549 finden
1311 4500 1365 4551 sich

108 4575 173 4624 ganz
190 4565 292 4615 sichere
310 4567 439 4630 Beispiela
456 4568 596 4620 herselben
614 4569 776 4631 wenigstens
794 4568 836 4618 bei
853 4569 965 4626 seneca,
982 4565 1126 4628 Quintilian
1144 4578 1172 4615 u.
1189 4577 1214 4615 a.
