2820 4964
106 172 169 237 sn
572 176 610 258 q.
637 176 778 238 curru
799 176 896 239 auri

107 347 156 409 bes
178 347 357 408 Semiramis
384 345 543 409 emituit?
570 364 647 423 quas
670 353 777 423 gentes
802 346 919 425 redegit
946 346 983 406 ia
1001 350 1208 425 potestatam?
1245 356 1359 426 quanta

107 464 200 525 opera
228 446 336 504 molita
358 447 424 505 est?
462 440 607 502 Nondum
617 441 780 521 feminam
807 444 1005 520 aequavimus
1017 444 1138 521 gloria,
1161 451 1195 503 et
1220 446 1287 505 iam
1311 466 1360 506 aas

107 541 210 602 lauds's
227 542 352 599 satietas
372 541 472 618 cepit?
513 539 571 599 Dii
579 537 735 617 faueant,
764 540 887 605 maiora
905 538 1007 599 adhuc
1029 546 1156 601 restant.
1194 533 1293 601 2⁴Sed
1317 544 1360 602 ita

107 644 214 698 uestra
233 643 343 710 eruat,
365 656 444 714 quae
462 634 600 695 madum
621 636 797 713 etagamus,
819 636 849 694 si
867 634 951 695 aits'l
962 654 1100 713 pmuura
1115 636 1313 713 duxerimus,
1330 640 1361 698 ia

107 753 166 813 quc
184 752 319 811 maguae
339 731 461 809 gloriae
486 731 569 791 locres
592 736 643 790 est.
691 732 746 793 Vos
771 733 859 792 modo
883 752 932 791 me
952 730 991 791 ab
1014 734 1167 793 intestina
1181 732 1310 815 fraude
1334 741 1362 793 et

107 829 338 890 domestsmrum
358 827 479 887 iusidias
494 832 651 904 praestate
672 846 833 887 securum:
852 826 1107 906 betliMartisquc
1125 828 1293 890 Musca
1309 832 1360 889 shi-

102 925 237 1004 paoidus
255 921 364 983 subito
399 918 593 1001 25Philippus
611 924 648 981 ia
667 925 733 983 acie
754 926 868 999 tutior,
895 943 988 1001 quam
1010 927 1046 984 ia
1068 925 1190 986 theatro
1197 927 1296 1004 fuit:
1314 926 1360 986 tc·

107 1025 201 1082 stium
223 1040 335 1080 manas
354 1039 441 1098 saepe
455 1021 574 1094 uitauit,
591 1038 716 1079 suorum
736 1018 875 1098 effugere
894 1039 958 1079 aaa
976 1020 1084 1083 actast.
1127 1010 1275 1083 Aliorum
1296 1042 1359 1101 que

107 1140 164 1198 que
177 1137 285 1196 regam
297 1117 398 1176 esitus
409 1118 439 1175 si
448 1117 671 1193 reputaveritis,
678 1118 787 1194 plures
799 1136 819 1175 a
831 1118 902 1191 suis,
923 1136 1016 1195 quam
1029 1117 1067 1179 ab
1076 1119 1160 1180 toste
1170 1121 1359 1197 interemptos

107 1211 315 1274 numerabitis.
351 1205 379 1248 ²⁶
390 1211 538 1286 Ceteram,
557 1214 703 1289 quoniam
714 1214 846 1273 otimrei
854 1215 993 1291 agitatae
1011 1217 1047 1274 ia
1066 1217 1174 1277 auimo
1194 1234 1263 1277 meo
1282 1236 1360 1275 nurse

101 1308 290 1389 promendae
314 1311 430 1370 occasio
457 1307 560 1369 obtata
584 1316 643 1384 est,
668 1309 748 1369 miti
770 1312 926 1371 suasimus
953 1310 1091 1373 laborm
1120 1320 1214 1391 atque
1241 1331 1359 1391 meum

107 1426 245 1466 saeorum
271 1407 333 1465 erit
348 1406 500 1487 fructus,
535 1409 565 1466 si
592 1406 751 1485 Olympias
777 1414 878 1467 mater
902 1409 1134 1469 immortalitati
1164 1416 1359 1481 commeta,

107 1502 288 1582 quandoque
305 1504 464 1564 accessesit
482 1505 557 1563 uita.
600 1504 639 1563 Si
650 1504 782 1579 licuerit,
803 1506 867 1582 epse
878 1503 1041 1584 praestabo
1061 1503 1136 1563 tce:
1163 1506 1195 1564 si
1209 1524 1261 1565 ase
1275 1524 1360 1584 prae-

107 1599 348 1680 ceperitfatum,
369 1599 787 1661 oosmaadassememeatote.
817 1599 864 1661 Ae
885 1606 947 1661 tum
966 1599 1087 1682 quidem
1104 1601 1221 1663 amicos
1241 1599 1358 1661 dimisit:

108 1704 241 1758 ceterum
262 1716 318 1775 per
337 1695 510 1774 complures
531 1694 595 1756 dies
618 1695 659 1755 ibi
680 1692 785 1756 stativa
807 1695 918 1761 habuit.
1162 1752 1165 1757 .

191 1795 323 1855 XXVII.
366 1786 422 1836 V¹¹2¹
434 1793 516 1852 llaec
533 1791 605 1851 dum
626 1792 658 1851 in
680 1792 763 1852 India
780 1799 939 1870 gerimtur,
967 1793 1068 1874 graeci
1087 1793 1199 1856 milites
1217 1780 1358 1875 nuperis

108 1889 243 1953 colonias
263 1909 281 1948 a
303 1908 374 1967 rege
395 1888 515 1947 deducti
540 1887 621 1948 cirea
640 1890 758 1963 Baetra,
781 1894 848 1949 orta
869 1889 947 1951 iuter
967 1890 1050 1969 ipsos
1069 1889 1230 1967 seditione,
1248 1893 1359 1952 defece-

108 1993 189 2062 rant,
210 2006 272 2047 non
297 1992 357 2046 tam
379 1984 551 2045 Alexandro
574 1983 697 2061 infensi,
719 2006 808 2065 quam
830 1993 912 2049 metu
933 1986 1083 2065 supplicii.
1125 1982 1275 2067 ²Quippe
1290 1987 1360 2051 oeci-

108 2086 149 2146 sis
161 2083 339 2164 quibusdam
351 2081 551 2161 popularium,
576 2078 629 2160 qui
642 2080 803 2143 validiores
818 2089 910 2159 erant,
933 2102 1014 2143 arma
1028 2088 1168 2163 spectare
1190 2090 1359 2163 coeperunt,

108 2188 138 2243 et
153 2180 306 2241 bactriana
326 2198 405 2254 aree,
428 2197 503 2258 quae
524 2197 595 2239 casu
618 2177 826 2256 negligentius,
842 2184 995 2241 asservata
1015 2184 1094 2255 erat,
1113 2186 1283 2259 occupata,
1303 2181 1360 2257 har-

106 2279 197 2339 baros
216 2296 337 2358 quoque
359 2275 585 2336 insacietatem
608 2274 785 2339 delectionis
809 2275 997 2355 impulerant
1043 2270 1286 2337 ³Athenodorus
1306 2282 1360 2337 erat

108 2376 249 2455 princeps
271 2394 384 2449 eorum,
406 2372 458 2453 qui
479 2371 560 2451 regis
581 2391 701 2453 quoque
719 2392 829 2433 nomen
850 2377 1060 2454 assumpserat,
1079 2392 1141 2434 non
1163 2379 1225 2433 mm
1252 2372 1361 2452 imperii

109 2471 266 2551 cupidine,
292 2491 380 2551 quam
402 2470 431 2531 in
449 2468 575 2548 patriam
594 2468 765 2529 revertendi
790 2490 858 2530 crim
880 2471 942 2545 his,
969 2469 1019 2551 qui
1041 2470 1254 2531 atteteritatem
1275 2469 1360 2549 ipsius

108 2569 317 2648 sequebantur.
365 2561 463 2627 4Ηιιίο
485 2564 560 2625 Bieo
583 2564 704 2646 quidam
726 2565 854 2627 nationis
876 2566 959 2643 eius,
986 2566 1041 2627 sed
1068 2566 1109 2626 ob
1135 2565 1360 2627 aemulationem

108 2665 250 2740 infestus,
271 2662 454 2741 comparavit
472 2660 609 2736 insidias,
631 2659 844 2742 invitatumque
865 2663 903 2724 ad
923 2662 1027 2741 epulas
1047 2681 1104 2741 per
1123 2663 1248 2723 Boxum
1278 2683 1361 2744 quen·

109 2763 177 2822 dam
200 2760 221 2802 *
243 2760 274 2819 in
293 2757 431 2819 convivio
456 2756 575 2818 occidit.
619 2752 767 2819 ⁵P0ster0
791 2759 839 2818 die
860 2759 1008 2820 concione
1029 2758 1175 2819 advocata
1186 2758 1266 2821 Bico
1288 2761 1361 2822 ultro

109 2855 280 2917 insidiatum
302 2854 360 2914 sibi
378 2853 605 2914 Athenodorum
635 2853 789 2935 plerisque
819 2861 1024 2935 persuaserat:
1052 2854 1107 2916 sed
1133 2854 1202 2918 aliis
1227 2866 1361 2939 suspects

110 2960 175 3014 erat
195 2953 277 3012 fraus
298 2949 430 3026 Biconis,
453 2956 482 3011 et
500 2949 642 3029 paulatim
664 2950 695 3010 in
715 2950 820 3030 plures
840 2951 943 3030 coepit
960 2971 1081 3011 manare
1103 2952 1251 3030 suspicio.
1294 2951 1362 3017 ⁶lta·

110 3069 168 3128 que
191 3047 290 3125 graeei
313 3046 421 3106 milites
445 3066 526 3106 arma
550 3047 679 3124 capiunt,
705 3047 837 3108 occisuri
858 3048 1013 3123 Biconem,
1035 3048 1061 3108 si
1082 3048 1206 3108 daretur
1229 3053 1361 3114 occasio:

109 3151 242 3204 ceterum
256 3141 409 3220 principes
420 3162 526 3202 eorum
547 3143 621 3202 iram
642 3143 840 3205 multitudinis
860 3144 1077 3223 mitigaverunt.
1122 3139 1270 3206 ⁷Preeter
1284 3168 1363 3226 spem

110 3260 194 3300 suam
216 3238 292 3298 Bico
313 3238 462 3314 praesenti
483 3238 619 3314 periculo
642 3244 778 3318 ereptuS,
807 3239 899 3318 paulo
923 3246 994 3317 post
1014 3238 1169 3301 insidiatus
1188 3245 1363 3305 auctoribus

109 3335 213 3396 salutis
225 3352 296 3395 suae
308 3337 367 3403 est:
389 3332 475 3392 euius
494 3332 564 3393 dolo
587 3335 708 3412 cognito
726 3343 756 3396 et
769 3336 868 3414 ipsum
886 3336 1178 3414 comprehenderunt
1196 3343 1228 3397 et
1239 3341 1364 3403 Boxum.

109 3432 276 3492 ⁸Oeterum
294 3429 412 3488 Boxum
431 3428 569 3507 protinus
591 3431 704 3509 placuit
724 3431 867 3507 interfici,
889 3432 1032 3493 Biconem
1055 3432 1143 3492 etiam
1172 3452 1231 3510 per
1255 3438 1366 3498 crucia-

110 3536 172 3588 tum
193 3526 300 3587 necari.
344 3526 466 3606 iainque
487 3526 610 3604 corpori
625 3533 773 3588 tormenta
791 3528 1034 3603 admovebantur,
1056 3548 1147 3608 quum
1169 3532 1277 3607 graeci
1298 3533 1366 3593 mili-

110 3631 170 3699 tes,
195 3622 354 3697 incettum,
375 3621 415 3681 ob
436 3641 524 3702 quam
549 3643 684 3701 causam,
706 3624 866 3703 lymphatis
888 3622 998 3684 similes
1019 3625 1057 3684 ad
1078 3644 1161 3684 arma
1185 3625 1366 3689 discurrunt.

178 3805 201 3867 9,
221 3802 263 3863 26,
282 3802 322 3854 23.
361 3803 567 3856 Semiramis.
606 3809 690 3871 vergi.
709 3810 737 3859 C.
754 3807 778 3870 7,
796 3805 839 3866 ²27,
859 3805 900 3858 99.
939 3808 1002 3859 Hier
1021 3807 1159 3857 schwehte
1183 3808 1248 3861 dem
1271 3812 1300 3861 C.
1320 3811 1369 3861 he-

110 3877 223 3928 sonders
245 3874 293 3924 der
318 3873 428 3934 Feidzug
448 3873 496 3922 der
519 3876 672 3926 Semiramis
698 3891 782 3940 gegen
810 3876 853 3925 die
880 3876 959 3925 Inder
985 3888 1043 3933 ror,
1069 3874 1200 3925 vieileieht
1224 3878 1298 3928 atich
1325 3881 1370 3930 der

110 3958 194 4008 gagen
219 3943 263 3992 die
282 3941 433 4001 Aethiopes.
460 3967 488 3975 -
520 3938 543 4000 9,
564 3938 605 4002 26,
624 3940 666 3991 25.
697 3944 736 3992 la
759 3942 903 3991 theatro.
939 3943 989 3992 We
1011 3943 1055 3991 ihn
1075 3943 1222 3994 Pausanias
1252 3948 1314 3997 trel.
1342 3975 1367 3983 -

109 4014 135 4069 9,
152 4009 195 4071 tc,
213 4006 253 4059 96.
288 4005 496 4071 Quandoque.
521 4008 548 4057 F.
575 4010 615 4057 Za
635 4010 840 4076 quandocunque.
861 4013 885 4060 S.
906 4009 930 4072 7,
950 4006 993 4070 39,
1011 4007 1037 4063 9.

177 4099 201 4164 9,
221 4097 306 4160 t7,1.
340 4096 598 4146 CircaBactra.
618 4099 658 4148 F.:
680 4098 850 4150 Garataotra.
872 4097 1037 4163 9,9’7,9.11.
1056 4127 1087 4136 -
1107 4096 1132 4161 9,
1147 4096 1194 4161 97,
1213 4098 1241 4149 2.
1269 4102 1371 4155 Arma

110 4175 269 4234 spectare
307 4165 434 4214 hehnlieh
453 4171 570 4230 spectare
591 4165 626 4214 ast
641 4166 809 4229 rebellionem,
829 4166 864 4216 ad
880 4167 1052 4231 defectionum
1082 4168 1109 4217 S.
1125 4168 1179 4216 Liv.
1200 4164 1246 4229 29,
1266 4168 1370 4232 2291,

164 4232 373 4298 defectionis
393 4233 429 4281 ist
447 4232 491 4281 hei
510 4235 536 4280 Z.
557 4236 724 4296 ausgesalicn.
746 4263 773 4270 -
796 4233 822 4295 9,
842 4232 886 4294 27,
906 4232 931 4283 l.
951 4234 1042 4286 Bico.
1059 4230 1328 4291 Vicileiehtlleidma.
1341 4266 1369 4275 -

111 4303 190 4352 eius.
212 4304 250 4351 F.:
272 4300 386 4349 eiusdem.
409 4325 440 4334 -
474 4300 632 4365 quendam
651 4301 680 4352 ⁴.
718 4304 788 4353 scau
807 4304 855 4353 des
874 4301 889 4330 ⁴*
908 4304 988 4355 stand
1011 4304 1103 4355 bisher
1120 4300 1309 4369 Mestrianus»,
1328 4308 1370 4357 ot-

111 4371 204 4419 tenhar
219 4371 261 4419 ein
280 4365 462 4419 verdorhenes
482 4368 587 4417 Wart·

179 4458 205 4519 9,
223 4456 266 4518 ti,
285 4457 311 4508 5.
350 4456 490 4505 Mancre
506 4457 661 4522 suspicio.
697 4460 721 4507 S.
740 4459 793 4511 riv.
810 4456 851 4520 91,
868 4456 913 4519 93,
932 4457 965 4509 4:
984 4474 1073 4510 mmor
1089 4468 1138 4525 per
1155 4457 1286 4512 tataros
1302 4480 1370 4513 saa-

111 4526 216 4575 aaait.
245 4525 271 4586 7,
292 4522 332 4585 38,
354 4523 401 4574 10:
428 4532 651 4574 raaaaoerasst
672 4540 689 4573 a
707 4524 798 4592 Capua
816 4525 1250 4581 cacabataeaeercitumom.
1287 4533 1369 4595 Vergl.

112 4591 138 4652 7,
160 4589 200 4654 39,
218 4588 251 4643 l:
271 4590 380 4641 masilia
397 4607 574 4642 emanasse.
596 4618 624 4631 -—
656 4589 680 4655 9,
699 4590 741 4655 97,
758 4592 785 4645 8.
808 4593 932 4645 Graeci
949 4592 1080 4645 milites.
1105 4594 1190 4645 Delttr
1207 4598 1251 4647 Z:
1271 4598 1369 4649 uilitas.
