2820 4964
104 166 166 229 190
567 159 607 239 o.
631 157 771 219 cunm
794 155 890 219 nun

100 333 250 394 indicium
277 331 416 393 detulisse
446 348 476 387 se
504 327 661 408 affirmat.
701 322 803 396 ³²Quo
827 327 970 405 propiore
996 321 1104 403 gradu
1127 322 1288 384 amicitiae
1315 341 1370 383 me.

101 428 269 508 contingis,
292 429 348 489 hec
367 427 469 486 maius
500 433 545 484 est
565 424 817 484 slnurnulatrouis
840 420 1076 501 tumefactum,
1094 428 1126 480 et
1142 440 1198 498 ego
1215 417 1363 481 Cebalino

100 530 215 606 magis,
237 544 329 606 quam
352 524 491 585 Philotae
510 522 546 581 id
564 522 724 581 corruenire
741 517 864 597 fateor.
906 519 1071 577 Faventem
1100 515 1190 577 lraler
1218 516 1361 593 iadicem,

100 626 134 699 si,
156 623 239 701 quod
248 623 375 683 admitti
385 640 449 680 nort
465 620 609 698 oportuit,
629 618 737 676 saltem
758 617 871 693 negari
882 621 991 693 potest.
1025 608 1108 675 ³³Ad
1131 615 1206 675 haec
1226 613 1362 675 Philotas

101 720 178 780 haud
200 738 271 779 sane
298 718 448 796 trepidus,
479 717 504 774 si
531 716 646 775 arrinms
672 713 756 774 vultu
784 713 1006 787 aestimaretur,
1034 710 1214 773 Cebalinum
1239 710 1391 819 quidem,

100 815 193 876 scorti
215 833 384 874 sermonem
397 812 435 870 ad
455 831 488 871 se
511 811 661 885 detulisse,
682 810 735 871 sed
758 809 857 886 ipsum
877 813 936 867 tarn
957 806 1017 867 leri
1034 808 1150 869 auctori
1171 807 1244 869 nihil
1265 806 1360 869 credi-

100 912 179 974 disse
209 910 379 989 respondit,
412 908 555 982 veritam,
582 926 620 967 ne
644 905 772 984 iurgium
794 905 872 965 inter
890 910 1054 965 amatorem
1073 910 1105 965 et
1124 903 1280 967 exoletum
1301 924 1358 965 non

100 1010 163 1070 sine
182 1008 246 1068 risu
269 1006 396 1067 aliorum
419 1003 591 1065 detulisset:
622 999 747 1083 ³iquum
769 1001 896 1061 Dirnnus
917 1000 1099 1063 interemerit
1120 1007 1225 1077 semet,
1248 1000 1358 1082 qualia-

100 1125 218 1185 cunque
241 1109 333 1175 erant,
354 1119 417 1159 non
436 1099 529 1161 tuisse
550 1100 711 1160 reticenda.
755 1098 998 1179 Conplexusque
1017 1118 1119 1178 regem
1140 1118 1230 1160 orare
1249 1098 1357 1179 coepit,

99 1209 133 1261 ut
145 1199 334 1279 praeteritam
348 1197 436 1257 vitam
459 1197 570 1275 potius,
593 1217 682 1276 quam
699 1196 818 1274 culpam
836 1194 945 1256 silentii
966 1201 1072 1271 nmen,
1094 1215 1156 1256 non
1179 1196 1253 1256 tacti
1269 1195 1358 1257 ullius

100 1299 274 1359 intueretur.
308 1288 430 1353 ³⁵llaud
452 1292 540 1352 facile
563 1292 704 1368 dixerim,
733 1292 933 1354 credideritne
961 1292 990 1353 ei
1012 1312 1081 1367 rex,
1106 1311 1144 1352 an
1170 1292 1263 1353 altius
1284 1292 1359 1353 iram

99 1391 316 1473 suppresserit:
339 1390 482 1465 dextram,
495 1388 704 1450 reconciliatae
717 1389 830 1468 gratiae
840 1388 957 1469 pignus,
975 1388 1092 1464 obtulit,
1112 1396 1143 1449 et
1154 1394 1358 1468 contemptum

99 1490 201 1570 magis
223 1508 311 1568 quam
334 1485 463 1547 celatum
483 1485 625 1546 indicium
646 1505 713 1547 esse
733 1486 828 1546 videri
847 1486 905 1547 sibi
926 1486 1007 1547 dixit.

182 1585 305 1645 XXlX.
349 1576 583 1643 v¹¹¹2¹Advocato
605 1590 668 1643 tum
689 1583 816 1643 consilio
839 1584 1012 1659 amicorum,
1035 1583 1084 1643 cui
1108 1589 1207 1644 tamen
1227 1583 1360 1645 Philotas

99 1683 248 1745 adhibitus
270 1692 405 1755 nou‘est,
428 1680 644 1740 Nicomachum
668 1679 818 1742 introduci
841 1680 932 1741 iubet.
974 1675 1024 1741 ²ls
1043 1680 1156 1754 eadem,
1179 1700 1261 1760 quae
1281 1682 1361 1743 detn-

100 1782 176 1841 lerat
199 1778 238 1839 ad
255 1796 367 1855 regem,
400 1775 506 1836 ordine
526 1776 676 1854 exposuit.
717 1778 790 1839 Erat
816 1780 959 1839 Craterus
987 1776 1052 1855 regi
1078 1796 1167 1837 carus
1193 1778 1227 1839 in
1257 1780 1362 1859 paucis

101 1885 130 1938 et
151 1897 188 1938 co
209 1875 344 1936 Philotae
365 1874 405 1933 ob
430 1872 659 1933 aethrdationem
681 1874 831 1953 dignitatis
858 1875 1017 1947 adversus;
1050 1868 1167 1954 3neque
1193 1875 1361 1954 ignorabat,

100 1994 191 2052 saepe
220 1970 384 2031 Alexandri
404 1969 527 2031 auribus
548 1970 638 2030 nimia
663 1971 823 2032 iactatione
843 1970 961 2031 virtutis
985 1979 1074 2052 atque
1101 1992 1214 2051 operae
1241 1992 1362 2052 gravem

99 2071 191 2132 tuisse
226 2074 256 2128 ot
285 2068 326 2128 ob
356 2087 391 2127 ea
424 2087 485 2127 nou
514 2067 634 2146 quidem
661 2067 800 2141 sceleris,
838 2067 892 2127 sed
919 2068 1125 2130 contumaciae
1151 2073 1255 2131 tamen
1299 2058 1376 2133 esse

101 2175 283 2246 suspectum.
321 2157 415 2225 4Νοιι
437 2163 525 2224 aliam
547 2165 702 2243 premendi
723 2162 834 2223 inimici
850 2165 1040 2226 occasionem
1062 2165 1210 2245 aptiorem
1232 2169 1364 2230 fuhrram

101 2270 191 2336 ratus,
213 2260 284 2322 odio
297 2281 353 2321 suo
375 2261 493 2340 pietatis
514 2261 689 2340 praeferens
703 2260 843 2339 speciem,
870 2262 1007 2337 Utinam,
1027 2263 1130 2344 inquit,
1151 2266 1188 2323 in
1201 2268 1365 2347 principio

100 2379 215 2439 quoque
225 2358 318 2418 hstias
337 2359 385 2416 rei
403 2355 558 2418 notarum
581 2356 777 2418 deliberasses.
812 2352 1044 2436 ⁵Suasr'ssemus,
1064 2362 1094 2419 si
1111 2360 1258 2423 Philotae
1276 2366 1365 2425 veihs

99 2460 267 2536 ignoscere,
288 2456 442 2533 patereris
455 2457 561 2532 potius
581 2457 728 2533 ignorare
748 2474 833 2530 euris,
857 2463 1007 2534 qnantum
1031 2455 1148 2518 dederet
1166 2457 1240 2537 nti,
1270 2482 1364 2540 quam

99 2574 192 2632 resque
213 2553 257 2612 ud
266 2554 373 2612 mortis
385 2559 499 2611 metum
514 2553 681 2613 adductum
701 2571 820 2630 cogeres
835 2553 956 2631 saepius
974 2553 1011 2614 de
1024 2556 1164 2633 perr'calo
1184 2577 1250 2634 sno,
1270 2581 1366 2639 quam

100 2650 135 2709 de
156 2656 209 2708 tuo
229 2651 365 2728 rogitare
385 2647 535 2726 benficia.
578 2649 634 2709 lile
662 2650 744 2709 earm
771 2667 886 2726 semper
914 2651 1062 2711 insidiari
1088 2650 1146 2712 tibi
1162 2658 1302 2734 poterit,
1330 2667 1365 2719 ta

99 2765 162 2807 non
181 2764 296 2824 semper
313 2746 455 2806 Philotae
468 2746 585 2823 poteris
606 2746 767 2824 ignorem.
810 2741 891 2806 ⁶Nec
913 2754 963 2821 est,
987 2748 1070 2825 quod
1089 2752 1259 2828 sannices,
1283 2775 1366 2831 euni,

99 2844 155 2920 qai
172 2849 296 2903 tantum
318 2862 412 2902 ausus
432 2851 484 2918 est,
504 2844 595 2903 uenia
607 2861 695 2921 posse
713 2846 839 2904 mutari.
873 2843 947 2918 Scit,
965 2863 1023 2919 eos,
1043 2849 1099 2924 qui
1117 2850 1364 2912 mueaordnm

100 2946 367 3017 consumpserunt,
391 2940 526 3018 amplius
546 2959 667 3019 sperare
687 2960 751 3000 non
769 2959 862 3020 posse.
903 2936 966 3001 ⁷At
985 2962 1055 3022 ego,
1082 2945 1206 3005 ormi
1228 2948 1297 3027 ipse
1317 2950 1367 3012 ael

92 3037 286 3115 poenitentia
308 3035 357 3098 uel
377 3032 519 3113 tenateio
537 3043 590 3095 tuo
609 3039 707 3097 metus
729 3040 878 3115 quiescere
897 3038 992 3111 volet,
1006 3046 1131 3116 patrem
1150 3043 1216 3103 eins
1234 3046 1365 3108 Parme

99 3135 232 3205 aionem,
265 3131 350 3188 tanti
367 3129 473 3192 ducem
493 3135 644 3191 exercitus
664 3140 694 3191 et
712 3135 884 3194 inueterata
904 3134 991 3213 apud
1005 3137 1117 3197 milites
1138 3144 1206 3198 tuos
1224 3148 1360 3207 asertori-

98 3234 163 3287 tate
185 3224 273 3285 haud
290 3225 423 3285 multum
444 3224 538 3305 iufra
567 3229 794 3305 magnitudinis
824 3238 896 3290 tuae
916 3227 1092 3310 fastigium
1114 3232 1272 3315 pontum,
1294 3246 1362 3318 scre,

97 3343 162 3384 non
182 3341 277 3400 aequo
298 3321 403 3387 animo
421 3322 551 3388 salntem
563 3323 636 3401 filu·
651 3326 702 3384 sui
721 3324 894 3387 debiturum
915 3326 978 3388 tibi.
1010 3323 1191 3399 8Quaedam
1212 3334 1362 3415 beneficio

99 3420 225 3480 odimus.
267 3418 419 3479 Meruisse
438 3424 565 3477 mortem
586 3420 730 3505 confiteri
740 3424 846 3500 pudet.
890 3424 1047 3503 Superest,
1076 3434 1113 3486 ut
1140 3431 1365 3497 metientem

99 3517 251 3575 iniurium
272 3516 426 3592 accepisse,
448 3534 541 3593 quarn
562 3517 667 3578 uitam.
699 3519 834 3583 Proinde
852 3523 936 3596 scito,
957 3520 1015 3581 tibi
1031 3543 1101 3583 cum
1122 3526 1186 3586 utin
1207 3527 1244 3589 de
1261 3534 1362 3593 salute

97 3630 157 3673 esse
170 3610 389 3696 meandum.
433 3606 536 3673 ⁹Sutts
563 3613 695 3683 hostium
712 3625 861 3702 superest,
889 3618 934 3679 ad
951 3639 1024 3698 quos
1038 3624 1261 3701 persequendos
1284 3628 1365 3689 itari

167 3794 193 3857 6,
211 3794 255 3856 ⁸28,
274 3795 314 3848 38.
348 3795 510 3849 Adhuec.
539 3801 579 3851 F.:
607 3800 714 3851 adhoc.
736 3830 763 3839 —
794 3803 1049 3856 aestimaretur.
1080 3808 1106 3859 S.
1129 3822 1162 3857 zu
1182 3806 1317 3873 3‚8‚26.
1337 3810 1361 3875 i,

99 3863 139 3929 tt,
155 3863 196 3918 23.
219 3893 248 3902 —
268 3862 294 3925 6,
315 3862 358 3925 (λθ,
376 3864 419 3916 34.
446 3868 560 3920 Sentet.
587 3870 627 3919 F.:
653 3886 680 3918 se
696 3870 785 3936 ipsun.
817 3873 841 3920 S.
861 3869 885 3934 8,
906 3868 949 3932 Ἡ,
969 3870 1008 3922 16.
1030 3902 1062 3909 -
1081 3873 1222 3926 silentii
1243 3884 1360 3931 tarsen.

98 3937 152 3985 Der
172 3937 319 3998 Gegensatz
337 3935 400 3997 liegt
415 3938 441 3985 in
457 3935 573 4002 culpem
594 3951 624 3988 es
643 3939 681 3988 sei
699 3953 772 3988 zwar
789 3940 849 3989 eine
867 3940 1075 4007 Verschntdung,
1099 3943 1165 3994 aber
1183 3945 1278 3999 doeh
1299 3964 1361 3999 nur

100 4006 167 4063 eine,
186 4004 286 4054 welche
306 4017 331 4052 u.
351 4015 420 4054 ew,
454 4007 479 4054 S.
498 4002 575 4064 zud,
596 4002 695 4066 28,¹ll.
716 4033 743 4041 -
773 4002 800 4065 6,
814 4003 856 4070 28,
875 4005 915 4057 35.
943 4007 1032 4059 lram
1050 4015 1305 4078 suppresserit.
1335 4018 1359 4067 S.

98 4073 152 4122 Liv.
172 4069 196 4133 2,
214 4069 255 4133 35,
272 4068 304 4120 d:
325 4070 368 4118 ira
386 4079 422 4120 est
440 4088 637 4138 suppressa.
662 4071 703 4133 31,
724 4070 762 4136 18,
783 4072 814 4125 71
833 4077 1029 4146 suppressit
1045 4077 1165 4144 impetum
1179 4079 1300 4135 militnm.

165 4159 249 4223 6,⁸29,
271 4161 292 4212 1.
335 4161 572 4214 Tum-tamen.
604 4165 646 4213 F.:
675 4171 866 4217 tarnem-tum.
889 4194 917 4204 -
952 4164 1036 4230 aaa.
1056 4165 1081 4225 i.
1113 4168 1306 4227 Praesenti.
1335 4178 1360 4227 S.

97 4232 152 4279 Liv.
170 4227 213 4287 Ὦ,
233 4228 273 4292 59,
294 4228 338 4279 1οε
367 4246 413 4281 nec
429 4230 605 4298 premendo
627 4230 707 4280 ulium
729 4249 768 4283 me
789 4233 957 4285 extulisse
979 4234 1061 4292 aelim.
1082 4266 1114 4273 -
1138 4242 1359 4375 praeferens.

99 4300 123 4346 S.
143 4296 166 4359 5,
188 4295 229 4358 m,
251 4296 288 4347 12.
310 4296 336 4357 7,
353 4295 393 4360 22,
415 4296 456 4348 90.
491 4300 569 4348 Ntcht
587 4313 618 4348 zu
637 4301 819 4352 verwechsetn
843 4304 892 4353 mit
916 4304 978 4354 dem
999 4303 1138 4361 absolutes
1156 4324 1225 4376 prae
1236 4326 1304 4365 erre.
1334 4314 1359 4365 s.

98 4362 122 4425 6,
141 4363 182 4426 32,
204 4364 227 4414 1.
249 4392 276 4400 -
300 4362 324 4426 6,
343 4362 386 4425 29,
403 4364 427 4415 5.
449 4366 605 4430 Saepius.
631 4368 670 4415 F.:
690 4368 782 4431 potius.

165 4451 188 4515 6,
209 4452 252 4514 ι29,
271 4453 294 4504 6.
334 4455 484 4506 Tantum.
515 4459 553 4507 F.:
582 4458 801 4520 tanturnsncinus,
821 4489 848 4496 —
881 4472 1164 4527 consumpserunt.
1191 4468 1218 4517 S.
1238 4470 1297 4521 Sall.
1319 4470 1360 4525 Fr.

99 4534 122 4579 p.
144 4517 208 4569 965:
235 4538 354 4600 epo'non
374 4540 426 4572 rem
444 4525 600 4587 familiarem
617 4525 699 4584 modo,
724 4543 810 4576 uerum
827 4529 904 4578 ctiam
928 4530 1030 4592 sidem
1054 4536 1256 4601 ccuuunpet.
1278 4564 1308 4575 -
1334 4534 1359 4597 6,

99 4582 182 4653 Ἀθ.
214 4587 370 4639 Prorude.
404 4592 430 4639 S.
449 4606 481 4642 zn
502 4591 525 4645 3.
548 4589 589 4653 13,
611 4591 649 4647 13,
679 4621 704 4629 -
737 4595 832 4644 scito.
860 4598 903 4647 F.:
931 4597 991 4649 scio.
