2820 4964
144 146 368 250 visumve.
393 185 528 248 30-36.
547 181 713 248 xxxvii
738 178 1053 250 t-1⁰.xxxvsst.
1081 185 1213 250 11-1e
1253 180 1320 249 nu

57 371 205 414 nernonu
215 355 376 426 noruinat‚·
396 352 433 415 de
443 372 493 415 me
508 353 712 415 Nicomachum
728 353 812 415 nubit
827 353 928 431 dieit3
945 351 1107 418 abutum
1119 353 1206 432 plus,
1224 370 1319 432 quam

58 450 212 528 audierat,
233 452 386 512 seirenou
398 451 513 530 potuit.
546 445 664 528 ⁶Atqui
679 452 905 512 coniurationis
922 458 1020 531 caput
1036 468 1085 511 me
1095 449 1203 530 fsu'sse
1221 449 1319 512 credit

57 551 135 608 reu!
155 548 263 610 Potuit
280 565 353 628 ergo
372 550 505 610 Demnus
522 566 593 608 eum
607 549 790 627 praeterire,
810 567 899 626 quem
918 545 1121 627 smuelatur?
1134 549 1319 627 praesulem

58 661 154 720 quum
174 646 335 722 quaerenti
353 646 448 706 socios
469 644 520 706 uel
529 642 623 725 falso
633 641 761 724 fuerim
782 644 1001 721 nominandus,
1022 661 1082 723 quo
1091 642 1248 723 facilius,
1265 644 1322 723 qui

59 738 254 818 tentabatur,
278 749 379 821 posset
398 741 525 820 impelli.
553 737 657 808 ,⁷Non
676 742 760 801 enim
778 741 892 803 detecto
900 741 1054 822 facinore
1080 759 1192 802 nomen
1217 761 1319 802 mcum

50 839 227 914 praeteriit,
246 845 286 899 ut
290 840 393 918 posset
400 837 502 899 uideri
519 838 598 898 socio
618 838 802 917 pepercisse:
821 838 1015 915 Nicomacho,
1035 857 1125 917 quem
1148 839 1319 901 taciturum

56 951 180 994 arcana
201 934 238 994 de
261 935 417 1013 semetipso
443 931 594 1009 uidebat,
626 933 798 1014 confessus,
823 935 897 995 alde
923 936 1107 1011 nominatis,
1139 954 1188 995 me
1218 950 1319 994 uuum

25 1110 28 1115 ι
55 1027 263 1091 subtrahebat.
306 1024 456 1108 8lluueso,
471 1030 698 1107 commilitones,
718 1031 748 1090 si
768 1028 930 1094 &luanus
946 1051 1077 1094 menon
1094 1032 1219 1107 adisset,
1238 1030 1322 1092 nsbd

55 1142 108 1184 me
128 1124 165 1185 de
184 1127 355 1187 emelioratis
373 1128 451 1188 scire
469 1129 624 1202 uoluisset,
651 1146 728 1187 num
747 1127 835 1189 bodie
854 1127 983 1191 dicerem
1002 1127 1252 1205 eausam,nulla
1270 1145 1320 1188 me

55 1222 263 1285 nominante?
307 1219 463 1285 ⁹Dimnns
478 1244 554 1286 sane
572 1231 605 1284 et
622 1225 738 1285 maeret
755 1223 873 1301 adbuc,
890 1233 923 1286 et
945 1226 1031 1287 uelut
1056 1225 1136 1286 mebi
1154 1229 1319 1304 parceret:

56 1318 137 1395 quid
150 1322 264 1385 ceteri?
282 1323 340 1400 qui
357 1321 396 1382 de'
412 1341 442 1382 se
460 1319 697 1402 confitebuntur,
717 1338 767 1380 me
783 1320 924 1382 uidelicet
940 1319 1140 1384 subtraberet!
1168 1322 1320 1400 Maligna

56 1420 105 1473 est
122 1416 300 1494 calamitas,
318 1424 352 1478 et
359 1415 437 1497 fere
454 1419 583 1495 nesius,
608 1436 704 1496 quum
722 1436 778 1477 suo
794 1416 944 1494 supplicio
964 1419 1136 1494 crucietur,
1156 1418 1320 1495 eeqemctc

57 1511 169 1573 ale'eno.
205 1507 232 1551 ¹⁰
245 1516 307 1575 Tot
326 1515 442 1576 conscii
459 1534 500 1575 ne
517 1515 555 1575 in
571 1514 734 1593 equuleum
753 1512 874 1591 quidem
894 1513 1032 1592 impositi
1049 1533 1156 1574 uerum
1165 1511 1320 1593 fatebeue·

58 1611 136 1671 tur?
175 1609 274 1688 Atqui
291 1629 380 1672 nemo
395 1613 507 1691 parcit
522 1613 684 1687 uenturo,
703 1628 760 1670 nec
780 1611 926 1688 cuiquam
944 1610 1124 1687 moriturus,
1143 1617 1183 1671 ut
1201 1610 1320 1689 opinor.

141 1705 321 1769 XXXVIII.
362 1701 446 1770 “Au
464 1728 572 1769 uerum
603 1708 721 1769 arinen
748 1707 848 1768 etad
872 1726 973 1768 unum
1004 1706 1217 1770 reuertendum
1241 1705 1322 1769 mut

57 1808 119 1862 est:
148 1823 288 1864 currem
309 1805 446 1868 delatum
468 1805 514 1867 ad
530 1810 559 1866 te
579 1805 729 1866 tumuisti?
748 1823 807 1866 eur
828 1811 894 1865 tam
911 1823 1036 1865 secessus
1062 1803 1202 1867 audisti?
1242 1805 1319 1880 Hoc,

57 1899 267 1979 qualecunque
278 1911 330 1979 est,
345 1900 764 1984 confessomibi,ubieunque
778 1921 818 1978 es,
831 1901 1017 1979 Alexander,
1037 1902 1200 1962 rermlsisti:
1218 1900 1320 1963 deute

57 2013 129 2055 rum
153 2004 240 2058 tuam
260 2001 428 2080 amplexus,
448 1998 644 2060 reemen'leate'
656 2000 777 2079 pr'qqnus
796 1999 907 2075 ameni,
928 1999 1066 2060 conuiuio
1085 2017 1203 2079 quoqne
1222 1999 1319 2058 e'nter-

46 2091 121 2173 fui.
162 2089 238 2156 ¹2Si
256 2096 414 2156 credidisti
427 2096 519 2170 multi,
544 2094 700 2156 absolutus
721 2088 805 2171 men,
832 2096 862 2155 si
882 2096 1061 2174 pepercisti,
1087 2095 1244 2156 dimissus.-
1271 2095 1321 2157 uel

55 2191 210 2251 indicium
229 2197 319 2248 tuum
339 2210 434 2251 serua
479 2187 565 2262 Quid
576 2191 636 2250 bac
649 2193 800 2268 proxima
819 2197 920 2266 noete,
945 2209 1007 2268 qua
1030 2190 1181 2270 ds'gressus
1201 2211 1271 2254 sum
1297 2211 1319 2253 a

46 2305 165 2347 mensa
187 2292 251 2359 tua,
268 2273 365 2364 feci?
386 2284 467 2362 quod
477 2305 591 2346 nouum
601 2286 740 2366 facinus
759 2286 896 2348 delatum
912 2286 957 2348 ad
973 2295 1003 2348 te
1024 2290 1160 2350 mutauit
1176 2288 1319 2350 animum

57 2385 173 2444 tuum?
210 2377 341 2440 ¹³Graai
366 2399 470 2458 sopore
497 2381 731 2458 acquiescebam,
768 2403 864 2461 quum
889 2402 938 2444 me
964 2384 1056 2445 saulis
1083 2384 1319 2446 indormientem

57 2480 133 2539 aeut
151 2480 275 2538 inimici
293 2477 453 2540 uinu'endo
475 2479 697 2539 eum'tauerunt.
743 2477 828 2539 Unde
856 2487 887 2540 et
901 2480 1084 2558 parricidae
1108 2487 1140 2540 et
1161 2480 1322 2560 proditori

59 2583 125 2636 tam
136 2577 198 2636 alti
213 2579 296 2654 quies
305 2578 407 2637 somni
414 2578 431 2638 i
460 2566 485 2612 ¹⁴
493 2569 644 2636 Scelerati
663 2575 848 2636 conscientia
869 2574 1053 2654 obstrepente
1071 2595 1167 2655 quum
1185 2576 1319 2640 dormire

57 2691 123 2732 non
138 2676 426 2753 possuntsagitant
444 2692 492 2735 eos
500 2672 632 2752 furuae,
653 2679 943 2753 nonu-connummato
962 2671 1066 2746 modo,
1084 2672 1137 2756 sed
1156 2675 1251 2734 etiam
1269 2669 1319 2737 eu-

54 2770 158 2848 gitato
176 2771 358 2847 parricidio.
390 2771 435 2832 At
454 2771 533 2831 mibi
551 2769 745 2830 securitatum
759 2768 902 2846 primum
919 2770 1097 2830 innocentia
1115 2789 1192 2847 mea,
1212 2770 1320 2835 deiude
1377 2797 1383 2808 ·

58 2873 117 2926 tua
141 2866 267 2927 deutera
286 2865 457 2929 obtulerat.-
483 2886 548 2928 non
568 2863 823 2943 timuissemus
843 2866 964 2926 alienae
983 2865 1167 2927 crudelitati
1184 2867 1271 2946 apud
1290 2875 1321 2931 te

57 2964 179 3038 acuet,
211 2984 304 3043 quam
332 2966 510 3026 clementiae
532 2971 613 3023 tuae.
650 2955 744 3032 ¹⁵Sul
763 2981 803 3022 ne
824 2956 853 3022 te
871 2960 952 3023 mili
970 2961 1130 3023 credidisse
1150 2965 1319 3042 poeniteat,

57 3080 106 3119 res
124 3060 168 3119 ad
186 3080 233 3120 me
255 3060 451 3138 deferebatur
477 3081 497 3121 a
514 3078 628 3139 muro,
660 3059 715 3137 qni
738 3077 803 3118 non
832 3066 949 3135 testem,
976 3078 1041 3119 non
1058 3060 1175 3138 pugnus
1208 3059 1323 3122 indicii

57 3155 335 3235 eubiberepoterat,
357 3158 540 3236 impleturus
551 3176 652 3216 munes
671 3162 763 3231 metu,
779 3157 808 3215 si
824 3157 965 3234 coepisset
985 3156 1100 3219 audiri.
1132 3150 1321 3218 ¹⁶Amator¹is

40 3261 89 3319 ‚et
105 3256 201 3314 scorti
226 3254 330 3332 iurgio
360 3255 519 3334 interponi
546 3271 637 3314 aures
663 3272 746 3312 meas
776 3252 895 3313 credidi
918 3253 1044 3332 infelix,
1077 3261 1108 3314 et
1124 3253 1225 3332 fidem
1252 3255 1321 3314 eius

56 3358 226 3428 suspectam
240 3349 341 3427 habui,
359 3350 441 3428 quod
455 3370 520 3410 non
543 3352 606 3428 ipse
624 3349 768 3430 deferret,
781 3349 834 3409 sed
842 3347 988 3429 fratum
1000 3349 1107 3429 potius
1125 3347 1316 3413 edomaret.

55 3443 81 3485 ¹⁷
98 3448 213 3523 Timui,
232 3467 271 3506 ne
280 3455 408 3526 negaret
416 3447 577 3508 mandasse
597 3465 657 3506 sese
675 3443 826 3522 Cebalino,
847 3451 878 3505 et
896 3463 950 3524 ego
971 3444 1090 3505 uiderer
1111 3445 1218 3506 multis
1238 3445 1319 3506 ami-

56 3563 162 3605 corum
184 3545 266 3624 regis
273 3543 381 3622 fuisse
395 3545 534 3623 periculi
551 3562 653 3604 causa.
693 3536 783 3604 18Sic
802 3561 925 3620 quoque,
946 3560 1041 3620 quum
1062 3541 1202 3603 laeserim
1222 3542 1320 3603 nemi-

55 3661 135 3717 nem,
154 3640 268 3716 inueni,
290 3641 345 3718 qui
361 3642 470 3702 mallet
483 3643 586 3720 perire
604 3659 660 3716 me,
681 3657 774 3716 quam
786 3638 970 3699 incolumem
990 3657 1069 3700 esse.-
1088 3638 1165 3719 quid
1182 3638 1318 3702 mimici·

125 3843 151 3906 6,
168 3844 209 3908 37,
231 3844 254 3897 6.
289 3847 484 3908 Quaerenti.
515 3849 541 3899 S.
559 3843 586 3907 6,
603 3844 645 3908 25,
666 3843 704 3896 14.
727 3843 768 3896 15.
790 3871 819 3882 -·
843 3842 1048 3894 tentabatur.
1068 3845 1111 3896 tt:
1130 3843 1314 3897 veretum.-

56 3911 80 3974 6,
99 3910 139 3974 37,
159 3913 184 3964 7.
205 3914 412 3965 Nieomacbo.
434 3917 474 3965 Z.:
495 3912 674 3966 Nicomochus.
697 3940 725 3949 -
746 3910 770 3975 6,
789 3909 833 3973 37,
851 3910 875 3964 9.
905 3910 1317 3978 Viveret-uelut-par-

56 3988 158 4031 cenet.
175 3983 216 4032 tt:
236 3982 578 4049 uiuat-uelit-pureere.
598 4009 626 4018 -
655 3977 682 4041 6,
698 3978 739 4043 37,
763 3979 802 4034 10.
823 3979 1053 4047 Ne-quidem.
1090 3981 1209 4032 Andere:
1229 3995 1314 4029 nec-

73 4049 163 4099 uidem.
201 4051 288 4114 Vergl.
306 4048 329 4112 3,
344 4048 388 4111 29,
406 4047 447 4102 31,
470 4048 496 4114 6,
515 4048 559 4111 39,
576 4047 620 4100 20.
650 4075 679 4086 -
707 4048 742 4097 in
761 4047 1026 4115 equuleum-'im
1059 4047 1151 4098 asili.
1186 4043 1316 4112 1161818,

55 4065 99 4177 ⁸34,
117 4115 148 4166 5:
166 4116 241 4167 duces
258 4118 415 4168 euermtuum
433 4126 533 4168 tuorum
552 4118 587 4168 in
606 4114 783 4182 equuleum
803 4114 966 4184 Impositi.
986 4112 1011 4178 3,
1031 4064 1073 4178 Il,
1094 4113 1133 4166 11.

124 4203 148 4269 6,
169 4206 210 4270 38,
232 4208 273 4259 12.
313 4209 485 4260 Iudicium
500 4222 610 4258 seraa.
647 4207 773 4257 Aehntich
792 4201 944 4257 sententian
960 4221 1073 4267 seruare,
1094 4219 1116 4257 a.
1137 4205 1163 4255 B.
1183 4217 1236 4254 von
1254 4203 1317 4255 dem

55 4278 210 4338 Ausspruch
231 4281 305 4328 einer
323 4278 552 4342 Gerichtspereon.
572 4302 601 4313 -
620 4270 645 4336 6,
664 4272 705 4337 38,
725 4272 766 4325 13.
786 4272 867 4325 Atti.
896 4277 937 4325 Z.:
955 4272 1020 4324 alta.
1041 4276 1068 4326 8.
1086 4275 1113 4326 C.
1131 4269 1157 4336 t,
1172 4268 1215 4333 18,
1232 4269 1272 4322 17.
1291 4269 1316 4335 9,

52 4340 99 4401 33,
119 4340 167 4394 26:
193 4343 398 4407 attineamini,
423 4342 560 4407 8‚11,9:
582 4341 651 4392 ultsu
673 4357 782 4392 somnus.
802 4368 831 4380 ·-
859 4339 884 4404 6,
903 4339 946 4402 38,
969 4337 1010 4391 tt.
1041 4340 1146 4403 Quum
1165 4338 1316 4390 dormire.

54 4411 146 4474 Etnige
166 4414 264 4463 Codd.:
282 4413 449 4464 condannire.
469 4439 498 4450 -
516 4417 669 4479 possunt.
688 4411 726 4460 F.:
742 4409 848 4476 possint.
872 4411 898 4460 S.
916 4423 950 4460 zu
969 4407 996 4470 3,
1016 4407 1039 4472 1,
1056 4407 1081 4461 5.
1100 4436 1129 4447 -
1149 4423 1215 4458 non
1232 4421 1316 4457 coss-

54 4487 218 4529 summuto
242 4481 347 4542 mode,
373 4496 392 4531 s.
416 4496 435 4532 e.
463 4480 619 4546 capitato
642 4477 855 4546 parricidio.
884 4479 927 4528 Z.:
946 4492 998 4527 non
1017 4478 1131 4545 coqiteto
1149 4475 1233 4536 nodo,
1254 4490 1274 4524 s.
1293 4490 1315 4526 e.

54 4555 227 4597 consummato
244 4565 272 4614 p.
308 4550 443 4600 vielletoht
457 4550 494 4600 ist
511 4563 545 4599 zu
561 4545 719 4598 schreihen:
745 4545 858 4610 coqituto
875 4544 959 4608 etiam,
982 4560 1034 4596 non
1049 4545 1124 4597 modo
1144 4549 1316 4596 commuuio
1385 4570 1388 4576 ·

52 4613 205 4678 parricidia.
242 4619 267 4666 8.
283 4629 317 4668 zu
333 4615 357 4681 7,
374 4613 402 4678 6,
419 4610 445 4668 6.
463 4643 496 4653 -
522 4612 717 4675 obtulerat,
731 4613 824 4667 bichor
841 4610 994 4667 obtuleruut.
