2820 4964
340 183 410 267 yn.
432 182 549 246 XXVl.
574 186 720 249 11-15.
747 181 880 246 xxvtl.
905 185 1052 248 tt-ta.
1230 138 1321 249 ¹285

59 369 182 412 cessere
201 351 342 433 victoris:
364 352 437 414 urbs
457 352 556 413 dinita
579 358 633 428 est,
658 359 693 414 nt
710 352 804 414 ceteri
824 351 919 413 cladis
941 351 1007 414 eins
1028 351 1167 431 exemplo
1187 351 1321 414 contine-

61 458 175 511 rentur.
203 441 409 525 1lMemaceni,
427 448 526 531 valida
544 466 626 528 gens,
648 448 837 510 obsidionem
859 466 920 508 non
942 453 975 509 nt
995 447 1199 510 honestiorem
1218 448 1320 524 inodo,

61 543 118 604 sed
138 543 225 604 etiam
247 551 282 606 ut
300 545 448 621 tutiorem,
476 545 557 606 terre
579 544 782 606 decreverant
824 543 874 604 Ad
893 562 1023 624 quornm
1045 543 1238 622 pertinaciam
1266 544 1321 605 mi-

60 639 212 717 tigandam
233 660 288 702 rex
305 643 330 702 L
350 640 465 722 equites
485 641 646 720 praemisit,
673 638 726 719 qni
751 637 936 700 clementiam
958 638 1055 719 ipsius
1080 640 1111 700 in
1137 640 1255 702 deditos
1281 642 1321 703 si·

60 734 185 815 mulque
203 735 418 797 inexorabilem
438 735 567 798 animum
585 736 617 797 in
635 736 771 797 devictos
790 735 991 796 ostenderent
1024 729 1104 796 ¹⁸1lli
1123 754 1182 798 nec
1204 737 1241 799 de
1260 737 1320 799 fide

59 849 119 891 nec
140 832 179 892 de
194 833 328 912 potentia
348 831 428 912 regis
448 833 532 911 ipsos
553 832 690 894 dubitare
711 829 905 909 respondent,
929 831 1104 913 equitesque
1127 833 1250 893 tendere
1269 852 1321 897 ex-

60 934 109 987 tra
128 928 308 989 munimenta
327 928 410 988 urbis
431 929 549 990 iubent:
570 926 758 1007 hospitaliter
777 925 886 988 demde
907 934 1051 1006 exceptos
1066 947 1233 1009 gravesque
1249 947 1322 1008 epu-

58 1021 100 1084 lis
128 1029 160 1083 et
181 1043 287 1085 somno
309 1023 486 1102 intempesta
516 1030 606 1109 nocte
634 1022 731 1084 adorti
759 1023 981 1086 interfecerunt.
1014 1018 1217 1086 ¹⁹Alexaudar
1242 1025 1322 1086 hand

59 1137 166 1195 secus,
191 1138 280 1199 qnam
302 1138 358 1198 par
378 1125 451 1193 erat,
478 1125 593 1194 motus,
614 1119 718 1180 urbem
740 1138 855 1180 corona
882 1119 1087 1199 circumdedit,
1122 1104 1321 1198 munitiorem,

60 1233 152 1293 qnam
180 1223 214 1276 ut
241 1214 340 1294 primo
367 1215 482 1294 impetn
512 1215 579 1294 capi
604 1222 718 1294 posset
756 1216 861 1294 ltaque
884 1212 1067 1294 Meleagrum
1095 1223 1126 1278 et
1144 1217 1321 1278 Perdiccam

59 1309 93 1369 in
122 1311 310 1372 obsidionem
336 1312 446 1392 iungit,
476 1310 499 1354 ⁴*
526 1311 718 1392 Cyropolim,
747 1317 783 1372 ut
805 1318 875 1372 ante
907 1312 1020 1374 dictum
1047 1319 1107 1388 est,
1138 1313 1321 1376 obsidentes.

59 1399 252 1468 ²⁰Statuerat
280 1414 380 1469 autem
405 1427 531 1487 parcere
557 1407 627 1468 urbi
656 1406 795 1468 conditae
824 1425 842 1465 a
871 1407 963 1484 Cyro,
998 1408 1112 1488 qnippe
1140 1428 1203 1471 non
1230 1409 1322 1470 alium

58 1503 195 1580 gentium
217 1504 335 1565 illarum
355 1505 450 1584 magis
472 1505 634 1566 admiratus
656 1508 710 1577 est,
735 1520 824 1582 quam
847 1501 927 1562 hunc
946 1522 1048 1582 regern
1073 1510 1105 1564 et
1124 1503 1321 1580 semiramim,

62 1616 141 1676 quos
164 1609 193 1661 et
211 1601 414 1679 magnitudine
433 1599 523 1663 anirni
542 1607 573 1662 ct
591 1599 725 1660 claritate
749 1615 850 1658 rernm
870 1596 962 1677 longe
991 1598 1148 1661 emicuisse
1171 1598 1322 1660 credebat.

60 1688 86 1733 ²¹
99 1693 240 1757 Ceterum
262 1682 426 1776 pertinacia
454 1696 674 1775 oppidanorum
698 1693 773 1755 iram
800 1694 866 1756 eins
888 1695 1034 1756 accendit
1077 1696 1181 1776 ltaque
1205 1701 1322 1774 captam

61 1791 168 1852 urbem
196 1793 286 1873 diripi
314 1793 402 1855 iussit
432 1801 462 1855 et
487 1792 590 1854 deleri.
633 1794 711 1852 Tum
737 1791 919 1852 Memacenis
951 1793 1031 1853 haud
1061 1791 1168 1854 iniuria
1195 1790 1321 1852 infestus

61 1885 101 1946 ad
120 1889 303 1968 Meleagrum
320 1896 350 1950 et
369 1891 542 1952 Perdiccam
560 1889 647 1952 redit.
683 1882 783 1949 ²²Sed
805 1906 868 1948 non
887 1887 945 1947 alia
965 1889 1039 1951 urbs
1060 1888 1168 1951 lortius
1190 1888 1322 1950 obsidio·

61 2001 132 2043 nem
149 1985 230 2045 tulit:
252 1987 363 2067 quippe
383 1994 413 2047 et
434 1986 560 2046 militum
581 1984 798 2066 promptissimi
820 1983 958 2046 cecidere
980 1993 1011 2046 et
1031 1986 1096 2066 ipse
1113 2004 1168 2046 rex
1186 1985 1225 2046 ad
1254 1985 1323 2046 ulti·

61 2098 145 2139 mum
167 2083 334 2158 periculum
356 2083 444 2142 venit.
487 2081 626 2162 Namque
648 2078 751 2143 cervix
772 2080 836 2142 eins
856 2098 932 2141 saxo
949 2081 991 2142 ita
1011 2081 1071 2144 icta
1092 2087 1146 2158 est,
1168 2088 1212 2157 nt,
1224 2081 1322 2143 oculis

61 2177 192 2256 caligine
210 2179 306 2237 offusa
325 2177 526 2238 collaberetur
551 2196 591 2237 ne
612 2176 719 2238 mentis
745 2176 867 2256 quidem
893 2196 1036 2257 compos;
1067 2177 1217 2241 exercitus
1238 2182 1322 2240 certe

62 2429 192 2487 Iaxartes,
218 2438 297 2474 wenn
315 2423 382 2473 anch
403 2424 476 2472 nicht
494 2425 519 2472 in
538 2424 740 2475 nnmittelbarer
763 2426 834 2476 Ntthe
860 2427 1009 2490 desselben,
1031 2442 1063 2477 zu
1082 2427 1191 2491 sochen.
1210 2453 1241 2462 —-
1268 2426 1322 2475 oi-

63 2493 190 2544 ctoris.
225 2493 344 2542 Andere:
361 2489 508 2540 victoribus.
536 2492 682 2556 hllcrdings
699 2495 758 2555 sagi
776 2492 850 2543 Curi.
866 2489 891 2554 6,
908 2489 949 2555 13,
966 2490 1015 2544 292
1032 2493 1173 2558 praernium
1189 2493 1257 2558 reyis
1275 2509 1322 2542 ac-

63 2562 113 2611 cisi
135 2557 564 2622 Asiam-interfectoribus
587 2575 659 2607 esse
682 2575 857 2609 cessuram.
889 2559 927 2621 10,
950 2558 991 2622 31,
1010 2558 1059 2609 20:
1088 2559 1241 2624 Ptolemaeo,
1268 2561 1323 2610 cui

63 2628 240 2694 Aeyyptas
266 2632 427 2675 cesserat.
466 2627 551 2690 Vergl.
576 2640 610 2676 zu
629 2625 653 2689 5,
671 2625 695 2688 7,
711 2624 735 2677 3.
773 2628 854 2678 hilein
877 2627 919 2677 ttir
942 2628 985 2678 die
1006 2628 1117 2691 Vulgata
1140 2628 1243 2691 spricht
1267 2630 1321 2678 Liv.

63 2694 91 2755 6,
107 2692 206 2757 tatu:
226 2695 291 2743 iden
310 2709 408 2754 aarum,
431 2710 463 2741 ea
476 2693 588 2743 hostibus
605 2701 714 2761 captum,
734 2693 770 2743 in
788 2710 971 2761 paucorum
989 2693 1151 2760 praedam
1168 2695 1321 2756 cessisse.

62 2760 108 2822 tn,
131 2760 169 2824 19,
188 2759 232 2811 12:
257 2761 363 2828 puberes
380 2777 463 2810 crines
482 2761 612 2826 interfecti
627 2769 702 2811 sunt:
726 2761 843 2828 coniuyes
861 2760 1001 2828 liberosque
1026 2777 1112 2810 eorum
1133 2761 1162 2810 in
1182 2762 1323 2813 aristodium

63 2830 148 2880 dedit:
167 2830 320 2894 praedae
340 2827 416 2878 alia
433 2827 580 2878 militum
601 2845 742 2882 cessere.
762 2856 790 2866 —
812 2827 925 2879 cladis
943 2830 1023 2879 eius.
1050 2830 1090 2880 R:
1109 2827 1200 2879 cladis.

132 2918 156 2982 7,
182 2917 224 2977 ¹27,
249 2917 287 2968 17.
322 2917 506 2969 Memaceni.
542 2922 688 2972 DerName
708 2924 742 2972 ist
761 2921 926 2970 sonstntcht
953 2921 1079 2971 bekannt.
1112 2947 1141 2957 -
1169 2917 1196 2982 7,
1217 2916 1262 2980 27,
1282 2916 1322 2970 18.

64 2985 278 3053 Intempesta
296 2993 404 3036 nocte.
427 2989 451 3038 S.
470 3002 503 3037 zu
521 2984 547 3048 1,
561 2984 640 3048 17,ι1.
661 3016 690 3024 -
711 2985 735 3050 7,
750 2985 791 3049 27,
811 2984 850 3037 19.
867 2986 1001 3054 lunyit,
1020 2986 1052 3036 *.
1078 2987 1256 3038 DnsZeichen
1275 2987 1326 3038 der

64 3056 153 3105 Luclie
163 3057 198 3105 ist
214 3054 391 3118 hinzugelttgt.
427 3056 531 3105 Vorher
550 3054 573 3118 7,
592 3054 635 3115 27,
657 3052 689 3104 16
707 3057 741 3106 ist
758 3055 845 3105 otchts
863 3057 958 3105 weiter
972 3057 1000 3104 in
1011 3055 1161 3119 Beziebung
1182 3053 1323 3119 autCyro-

63 3120 131 3187 polis
147 3127 239 3185 gesagl
259 3123 311 3171 als:
329 3119 480 3170 Alexander
494 3121 629 3172 Crateron
647 3122 760 3172 obsidere
775 3113 921 3188 Cyropolim
940 3120 1016 3174 iubet.
1045 3123 1158 3174 Hieratis
1176 3122 1240 3186 geht
1256 3123 1314 3172 ber·

64 3203 120 3252 vor,
142 3191 204 3240 dass
222 3190 264 3239 dte
285 3191 380 3239 tetzten
401 3191 505 3240 Worte:
539 3189 695 3256 Cyropolim,
719 3197 748 3239 at
766 3197 825 3238 ante
845 3189 940 3239 dictam
960 3197 1003 3252 est,
1031 3188 1170 3240 obsidentes
1197 3189 1254 3241 sloh
1272 3202 1327 3240 nor

65 3258 113 3306 ant
129 3259 255 3306 Craterus
274 3256 401 3307 bezieben
417 3258 532 3308 konnen.
569 3261 608 3308 Da
624 3273 680 3308 nun
698 3261 722 3323 ἓ.
743 3256 785 3307 20.
802 3255 835 3306 ut
853 3259 896 3309 die
913 3259 1076 3321 Belagernng
1095 3259 1150 3308 und
1166 3257 1323 3323 Erobernog

65 3338 119 3373 von
139 3325 278 3386 Cyropolis
296 3324 380 3374 durch
400 3326 547 3376 Alexander
565 3328 686 3376 erwahnt
705 3326 780 3387 wird,
805 3339 836 3376 so
857 3325 960 3388 ergiebt
984 3325 1050 3386 sich,
1074 3325 1137 3375 dass
1154 3325 1253 3374 vorher
1270 3337 1325 3375 von

65 3392 127 3440 dem
144 3392 266 3441 Marsche
284 3391 423 3442 desselben
444 3393 550 3442 dorthin
572 3395 615 3444 die
633 3394 704 3443 ltede
724 3394 782 3443 sein
799 3395 909 3442 musste.
943 3393 977 3442 Es
997 3393 1033 3459 ist
1051 3392 1184 3442 demnach
1201 3392 1324 3440 unzwei-

65 3459 166 3517 lothan,
197 3459 259 3508 dass
278 3459 305 3507 in
325 3472 433 3508 unserm
454 3463 531 3510 Satze
549 3462 609 3511 eine
627 3461 694 3510 Zeila
712 3459 872 3522 ausgetallen
892 3460 935 3520 ist,
960 3459 1042 3509 deren
1062 3458 1148 3508 luhatt
1164 3458 1250 3508 durch
1272 3458 1324 3508 den

64 3525 294 3587 zusammenhaug
315 3526 491 3577 voltkommen
514 3527 625 3590 bedingt
643 3528 717 3578 wird.
757 3527 811 3576 Der
828 3526 954 3577 Gadanke
979 3527 1028 3576 des
1044 3525 1247 3577 Schrittstellers
1266 3538 1324 3577 war

64 3597 151 3642 elwa:
172 3591 263 3656 ltaque
280 3590 436 3657 Meleayrum
453 3602 478 3643 et
495 3593 644 3646 Perdiccam
661 3595 689 3644 in
706 3593 857 3643 obsidionem
876 3593 965 3659 iunyit,
984 3592 1069 3660 ipse,
1091 3599 1224 3658 quanta
1247 3607 1324 3642 ma-

63 3660 159 3708 aima
184 3658 374 3708 celeritate
394 3661 519 3726 potuit,
544 3663 587 3713 ad
606 3662 780 3713 Craterum
800 3660 935 3723 contendit,
966 3658 1121 3727 Cyropolim,
1149 3667 1179 3711 ul
1204 3660 1264 3710 ante
1281 3659 1324 3709 di-

64 3734 133 3777 ctum
150 3733 194 3788 est,
213 3725 430 3776 obsidentem.

133 3815 157 3879 7,
175 3815 217 3878 27,
235 3814 276 3866 90.
312 3815 592 3883 Aliamyentium
613 3817 765 3869 illarum.
798 3815 898 3879 SM,
920 3817 967 3867 11:
988 3817 1088 3867 Xerses
1106 3818 1188 3883 yentis
1206 3816 1325 3867 eiusdem.

64 3882 90 3944 1,
110 3881 134 3945 3,
155 3883 200 3934 18:
219 3883 329 3948 aliquem
346 3886 432 3949 reyiae
448 3885 543 3951 stirpis.
564 3913 592 3922 -
612 3884 829 3935 Samiramim.
864 3887 907 3936 Sic
931 3887 1005 3935 hatto
1026 3885 1153 3935 ebcnlalls
1171 3886 1245 3936 disse
1265 3886 1323 3934 Ge—

64 3953 170 4015 genden
187 3953 364 4014 dnrchzogen.
389 3954 413 4002 S.
424 3954 486 4002 Ptin.
496 3955 525 4004 N.
536 3955 564 4003 H.
584 3950 608 4014 6,
630 3949 671 4013 tc,
692 3950 738 4003 18:
758 3968 822 4001 orac
840 3951 876 4001 ili
896 3955 932 4013 (in
952 3953 1101 4015 Sogdianis)
1122 3949 1231 4000 suntal
1250 3949 1325 4000 ller-

64 4017 122 4068 cule
138 4035 171 4068 ac
189 4017 280 4067 libero
297 4026 373 4084 patre
394 4021 553 4080 constitutae,
581 4021 642 4069 ilem
669 4018 755 4085 Cyru
782 4027 806 4068 st
824 4019 1046 4070 Samiramide
1070 4016 1324 4083 atquaoileaan·

64 4086 134 4134 dro.
158 4114 185 4122 -
208 4102 288 4151 quos
308 4088 589 4152 etmaynitudine
608 4087 714 4136 animi
732 4094 764 4136 et
782 4085 965 4136 claritate.
992 4087 1034 4136 F.:
1056 4085 1085 4134 in
1105 4085 1161 4151 quis
1181 4084 1324 4150 etmayrsi-

65 4153 176 4202 tudinem
196 4169 221 4201 a.
241 4161 265 4201 et
286 4151 439 4203 claritatem.
476 4157 502 4204 S.
522 4157 612 4207 lustin.
632 4153 656 4216 P,
677 4152 702 4216 9,
721 4153 766 4204 15:
785 4155 853 4204 inter
869 4161 964 4204 ceteros
985 4151 1158 4203 Themistoclis
1175 4150 1325 4202 adolescan-

65 4221 98 4270 tis
114 4219 201 4285 ylario
218 4220 365 4270 emicuit.
402 4223 461 4272 Wie
485 4224 527 4273 ein
556 4223 714 4286 glanzender
732 4223 796 4272 Blitz
824 4223 872 4273 das
891 4221 993 4272 Dunltel
1020 4221 1069 4271 der
1089 4221 1201 4271 Wolken
1219 4221 1324 4270 durch-

63 4288 159 4350 bricht,
185 4303 216 4338 so
237 4292 323 4338 trcten
339 4290 401 4350 jene
419 4290 524 4340 lleroen
544 4304 592 4340 uus
619 4291 667 4341 der
687 4291 771 4340 Nacht
790 4291 839 4340 der
857 4289 978 4340 vorwett
1002 4289 1101 4339 berver
1127 4289 1155 4339 in
1174 4287 1325 4350 &nearing

64 4356 113 4406 arti
127 4357 183 4406 ihre
200 4357 310 4419 geistige
331 4359 429 4406 Gro'sse
447 4359 503 4408 nud
523 4359 575 4408 den
594 4359 677 4407 ltnhm
696 4358 768 4408 ihrer
785 4358 892 4407 Thalen.

132 4443 275 4505 annm.
313 4445 602 4513 Diripiiussitat
618 4446 733 4497 deleri.
773 4446 846 4496 Tum
863 4445 1068 4498 lllemasenis.
1091 4443 1114 4495 lt.
1134 4445 1152 4496 i.
1171 4444 1324 4508 infestus

63 4511 241 4629 “ydff'umm
259 4515 329 4565 Theit
348 4516 416 4565 nach
435 4517 523 4580 Conj.;
552 4517 593 4567 P.:
615 4515 727 4582 diripere
742 4514 817 4565 uusit
836 4512 945 4564 delectos
964 4511 1115 4564 Macedonas
1131 4512 1154 4564 lt.
1175 4513 1193 4565 i.
1210 4512 1324 4576 inferlm,

64 4596 77 4627 e
188 4618 195 4632 ‚
376 4616 379 4621 .
