2820 4964
60 144 64 149 ’
150 188 233 253 vm.
253 187 354 254 xvn.
374 192 403 253 o.
424 184 541 252 xvm.
561 178 691 253 9413.
710 187 798 252 xix.
819 182 965 253 m-io.
978 185 1058 253 ‘mi
1081 191 1226 255 so-m.
1254 189 1319 255 eor

58 359 205 420 eredatm
224 360 305 436 deas,
325 331 508 438 ¹semperque
527 358 609 418 lario
630 362 770 437 gratiam
796 361 920 438 magnis
945 340 1021 419 airis
1037 310 1318 440 piii'eiiii'iant.

57 450 161 534 16Ερζο
183 464 286 516 nutem
307 476 405 518 seram
427 457 694 516 immortalitatem
712 475 825 534 precor
848 459 926 535 regi,
952 463 991 516 ut
1018 464 1050 516 et
1070 459 1136 518 aila
1164 457 1318 517 diuturna

57 554 99 611 sit
125 560 156 612 et
180 560 306 614 aeterna
333 554 484 613 maiestas.
537 553 701 612 Hominem
725 554 920 630 consequitur
945 552 1122 631 aliquando,
1156 552 1319 631 nuninarn

57 639 225 709 eoniituta‘r
246 651 400 712 diuinitas.
433 636 627 709 1⁷Herculem
648 647 737 708 modo
761 654 794 706 et
805 655 930 725 patrem
951 647 1099 710 Liberum
1126 657 1319 711 consecratae

57 747 301 807 immortalitatis
321 734 460 824 exempla
480 734 641 823 referebas.
684 742 827 806 Credisne
845 744 902 804 illo
936 747 1031 805 anim
1051 748 1185 807 conuiuii
1201 747 1319 807 decreto

58 841 127 900 cleos
136 841 270 920 factos?
307 843 402 902 Prius
422 839 460 900 ab
484 841 580 899 oeulis
600 840 779 900 mortalium
800 765 1072 902 adildiaama
1092 851 1143 918 est,
1170 862 1263 921 quam
1282 845 1319 903 in

56 939 173 996 eoelum
185 939 287 1018 fama
301 937 485 1015 percoleret.
517 929 677 994 ¹⁸Soilicet
701 952 755 1013 ego
773 942 803 995 et
821 943 865 1013 ta,
897 936 975 1013 Cleo,
1007 939 1075 998 deci
1088 939 1255 1017 facimus!
1289 940 1318 1000 Α

56 1022 144 1092 nobis
176 1032 349 1095 diuinitatis
377 1051 450 1092 suaa
483 1034 699 1092 auctoritatem
731 1039 912 1110 accepturus
944 1042 988 1095 est
1019 1041 1093 1095 real
1144 1037 1319 1096 Potentiam

57 1137 147 1189 tuam
167 1131 305 1207 asperari
323 1128 407 1189 libel:
427 1129 494 1209 fac
513 1120 645 1205 aliquem
665 1148 776 1207 regem,
807 1131 837 1188 si
853 1129 943 1190 deum
962 1139 1050 1210 potes
1066 1131 1189 1210 facere
1229 1134 1320 1193 Faci-

57 1227 120 1284 lius
136 1234 181 1284 est
200 1227 315 1286 coelum
336 1226 418 1302 clare,
438 1246 530 1304 quam
549 1225 722 1302 imperium.
755 1219 846 1284 ¹⁹Da'
856 1229 992 1305 propulsi
1009 1229 1075 1287 sine
1094 1230 1223 1306 imma,
1242 1248 1321 1308 quase

59 1321 128 1383 Cleo
149 1323 239 1398 dealt,
260 1323 427 1398 audierint,
446 1323 606 1400 eodemque
626 1341 727 1395 eursu,
754 1338 812 1399 quo
825 1323 953 1404 flauere
983 1323 1085 1384 adhue
1110 1339 1182 1400 res,
1198 1327 1246 1384 ire
1261 1344 1321 1404 pu-

58 1419 189 1478 tiantur.
223 1420 343 1479 Nostris
360 1416 494 1480 moribus
515 1418 616 1478 uelint
635 1436 691 1477 nos
709 1436 769 1476 esse
787 1424 951 1480 contentos.
984 1421 1055 1480 Non
1069 1420 1171 1498 pudet
1183 1424 1320 1500 patriae,

57 1534 114 1574 aee
134 1515 275 1591 desidero,
301 1517 345 1576 acl
361 1535 448 1593 quem
466 1515 591 1574 modam
611 1534 669 1573 rea
690 1512 770 1581 mili
788 1513 932 1575 colludas
949 1517 1000 1591 sit,
1025 1514 1047 1556 *
1072 1515 1192 1576 dacae.
1239 1517 1320 1585 aaa

57 1612 192 1687 equidem
211 1614 339 1672 m'otores
360 1632 419 1672 esse
438 1613 592 1691 confiteor,
614 1612 643 1670 si
659 1608 697 1670 ab
713 1610 780 1670 illis
793 1612 879 1688 leges,
892 1613 960 1690 qais
978 1614 1128 1686 uiuamus,
1143 1615 1319 1691 aempimra.

141 1710 218 1771 XX.
263 1703 413 1790 2⁰-Aequis
435 1709 557 1770 auribus
579 1706 778 1768 Callisthenes
797 1707 890 1769 veluti
909 1708 1019 1769 vindex
1040 1707 1179 1787 publicae
1198 1709 1321 1772 liberte-

59 1804 96 1864 tis
122 1806 307 1870 audiebatur.
350 1808 549 1886 Expresserat
574 1823 636 1865 non
658 1804 861 1866 assensionem
882 1807 988 1882 modo,
1013 1796 1176 1868 sedetiam
1202 1826 1319 1883 vocem,

58 1900 210 1962 seniorum
232 1905 402 1984 praecipue,
431 1904 547 1984 quibus·
560 1901 659 1981 grans
688 1906 752 1960 erat
780 1901 936 1964 inveterati
957 1903 1052 1965 moris
1073 1908 1197 1963 externa
1224 1912 1320 1966 mute-

57 1998 109 2059 tio.
161 1995 257 2061 ²¹Nec
280 2002 439 2082 quicquam
463 2020 577 2075 eorum,
609 2018 685 2078 quae
710 1997 836 2058 invicem
862 2001 970 2062 iactata
999 2005 1095 2071 erent,
1126 2018 1180 2059 rex
1199 1999 1320 2076 ignore-

57 2095 116 2170 bat,
143 2117 234 2175 quum
256 2104 327 2174 post
343 2096 456 2170 aulaeo,
479 2116 554 2174 quae
577 2096 664 2156 lectis
684 2095 860 2170 obduxerat,
881 2101 981 2159 staret
1024 2099 1117 2175 Igitur
1138 2095 1177 2156 ed
1190 2095 1269 2175 Agin
1289 2104 1319 2159 et

57 2191 204 2251 Cleonem
226 2191 314 2265 misit,
333 2197 367 2249 ut
388 2211 527 2250 sermone
547 2191 631 2251 finito
649 2190 796 2250 barbaros
817 2197 940 2268 tantum,
963 2212 1056 2272 quum
1076 2192 1222 2269 intrasset,
1248 2184 1319 2273 pro

57 2286 201 2345 cumbere
223 2305 279 2345 suo
307 2304 391 2345 more
418 2293 605 2364 paterentur:
637 2290 668 2345 et
685 2282 778 2363 paulo
805 2293 884 2365 posi,
915 2289 1000 2368 quasi
1026 2289 1147 2368 potiora
1173 2290 1320 2368 quaedam

58 2381 178 2459 egisset,
200 2381 368 2442 convivium
385 2381 502 2459 repetit.
542 2377 673 2461 ²²Quem
691 2384 901 2445 venerantibus
921 2385 1029 2459 Persis,
1048 2384 1248 2462 Polypercon,
1267 2387 1319 2466 qni
1370 2399 1371 2403 ’

58 2479 187 2540 cubabat
208 2497 308 2559 super
335 2497 445 2557 regem,
478 2497 570 2537 unum
602 2497 639 2536 ex
667 2477 714 2536 his
742 2486 843 2540 mento
871 2479 1094 2557 contingentem
1118 2481 1242 2540 humum
1263 2501 1320 2560 per
1397 2518 1399 2522 =

57 2575 220 2636 ludibrium
241 2576 343 2654 coepit
364 2574 485 2649 hortari,
514 2579 547 2634 ut
569 2572 773 2634 vehementius
794 2572 825 2633 id
845 2575 980 2655 quateret
1002 2575 1040 2636 ed
1060 2581 1178 2650 terrem,
1204 2577 1320 2639 elicuit·

59 2691 117 2751 que
141 2672 216 2732 iram
235 2672 407 2748 Alexandri,
437 2665 524 2752 quam
553 2670 624 2732 olim
652 2670 750 2730 animo
780 2690 890 2750 capere
916 2691 978 2733 non
1007 2677 1136 2751 poterat.
1182 2668 1319 2755 ²³lteqne

58 2787 121 2843 rex,
148 2772 199 2829 Ta
218 2777 330 2844 autem,
360 2768 463 2849 inquit,
492 2788 556 2829 non
576 2765 765 2828 veneraberis
786 2772 858 2830 me?
896 2767 948 2828 An
970 2767 1027 2827 tili
1042 2769 1104 2827 uni
1121 2767 1212 2847 digni
1236 2771 1319 2831 aiclo-

58 2884 130 2923 mar
150 2886 209 2925 esse
227 2865 381 2928 ludibrio?
421 2865 475 2925 llle
495 2883 552 2925 nec
572 2884 674 2944 regem
693 2863 824 2925 ludibrio
848 2884 905 2926 nee
932 2884 965 2926 se
992 2870 1166 2944 contemptu
1196 2865 1318 2944 dignum

60 3049 106 3096 liin
128 3051 222 3099 Asisiall
242 3052 290 3100 aiil
307 3052 350 3100 die
365 3050 516 3101 romisoben
533 3046 717 3113 imperatoren
736 3050 792 3100 und
808 3051 890 3100 deren
907 3021 1110 3112 Vergotlerunp.
1131 3074 1160 3084 -
1183 3045 1208 3112 8,
1222 3047 1264 3109 19,
1279 3047 1318 3099 18.

61 3114 192 3166 Caelum
212 3119 307 3178 dare,
328 3135 420 3184 qnam
436 3119 477 3166 im
484 3118 619 3184 perium.
639 3120 680 3168 F.:
700 3117 831 3184 imperium
849 3117 919 3179 dore,
937 3133 1014 3182 quam
1031 3115 1135 3166 coelam.
1167 3118 1221 3168 Des
1235 3119 1319 3168 Miss—

61 3187 242 3236 versl'e'ndniss
260 3188 348 3236 dieser
366 3187 464 3237 bittern
486 3189 600 3236 Sentenz
619 3187 692 3237 batte
711 3187 755 3236 die
771 3187 931 3248 Aenderung
947 3185 1184 3249 hervorgebracht.

127 3273 271 3335 8,19,19.
306 3275 422 3326 Adbuc
446 3291 500 3326 von
518 3279 545 3325 Z.
566 3258 764 3339 etngeschaltet.
785 3304 814 3312 —
834 3275 979 3324 discere.
1019 3275 1117 3326 Aoidal
1142 3277 1319 3338 vermutbete,

59 3342 122 3391 dass
141 3357 190 3391 vor
209 3344 306 3392 discere
323 3346 483 3409 aiisgelollen
503 3346 557 3395 sei:
586 3359 603 3392 a
622 3343 721 3405 Persis,-
748 3345 878 3395 Freinsh.:
902 3359 919 3393 a
942 3342 1025 3392 ciclis.
1065 3345 1118 3393 Des
1134 3345 1249 3394 Zeichen
1272 3345 1321 3394 der

57 3411 146 3458 laisla
163 3413 198 3461 ist
217 3414 394 3476 hinzugcsdgt.

126 3500 150 3562 s,
172 3500 214 3561 ¹20,
235 3501 275 3553 90.
314 3501 440 3568 Aequis
467 3501 627 3562 auribus,
655 3504 706 3553 wie
726 3500 752 3562 8,
770 3499 794 3563 6,
813 3499 841 3551 9:
870 3517 942 3567 quem
962 3499 1044 3550 solum
1069 3499 1189 3566 aequis
1211 3499 1321 3554 oeulis

58 3568 212 3618 viderenon
229 3572 333 3636 poterit.
355 3578 642 3637 -eapresseral
679 3572 703 3619 S.
725 3586 757 3619 zu
776 3567 800 3631 6,
819 3567 861 3630 42,
879 3566 905 3618 9.
925 3595 954 3604 -
978 3569 1220 3618 assensionem.
1253 3569 1321 3619 Geht

58 3638 117 3685 bier
136 3639 183 3686 aui
200 3639 242 3687 die
263 3639 463 3703 ursprtingliebe
481 3639 639 3701 Bedeutung
659 3639 706 3688 des
723 3639 831 3688 Wartes
849 3637 934 3696 ellein,
961 3637 1089 3686 ivibrend
1107 3650 1137 3687 es
1156 3640 1232 3688 sonst
1250 3639 1319 3688 auch

59 3705 103 3753 die
129 3707 301 3770 neusserung
329 3707 377 3755 der
400 3707 553 3768 Gesinnung
576 3707 700 3755 umiasst.
748 3708 784 3756 So
807 3706 861 3754 Cio.
886 3705 958 3753 Brut.
980 3701 1024 3763 ei,
1044 3701 1109 3754 290:
1137 3720 1213 3770 mm
1239 3705 1322 3770 sarpis

58 3772 91 3830 is,
112 3773 155 3836 qui
171 3772 285 3822 dicturus
306 3773 349 3833 sil,
368 3773 525 3838 sipaifieetur
544 3787 561 3821 a
579 3788 675 3820 corona
689 3771 823 3834 silentiam,
851 3770 941 3820 deinde
958 3769 1063 3820 crebrae
1089 3771 1321 3832 assensiones,

59 3838 155 3887 multae
180 3840 369 3890 adrnirationes.
396 3868 427 3876 -
452 3839 555 3888 moris
584 3847 727 3888 euterun
752 3838 908 3892 mutatio.
944 3840 970 3890 S.
990 3835 1017 3899 6,
1039 3835 1065 3900 l,
1084 3836 1117 3890 2:
1143 3839 1172 3888 ia
1191 3846 1322 3888 externam

60 3906 135 3972 lapsa
151 3924 251 3959 morem.

128 3985 154 4046 8,
176 3987 218 4047 90,
237 3987 277 4038 21.
317 3986 455 4039 Aulaeo.
484 3988 526 4047 ΕΑ
557 3984 682 4035 aulaean.
722 3986 755 4037 Es
783 3987 888 4037 scheint
908 3985 969 4036 lein
992 3981 1114 4036 'sicberes
1133 3985 1246 4048 Beispiel
1273 3986 1322 4036 der

60 4056 137 4103 Fcrm
157 4055 287 4105 aulaea
308 4057 345 4105 als
366 4057 530 4105 Femininum
551 4055 766 4103 vorzukommen.
803 4055 885 4103 Unter
903 4052 997 4102 aulaea
1016 4054 1063 4102 hat
1081 4066 1143 4102 man
1158 4053 1215 4102 bier
1230 4054 1321 4116 Tepe-

60 4126 106 4171 ten
133 4124 200 4174 oder
217 4123 358 4186 Vorhiinge
384 4137 416 4172 zu
441 4123 594 4181 verstehen,
626 4122 712 4171 durch
736 4121 838 4172 welche
863 4123 905 4172 ein
925 4122 997 4171 Theil
1025 4121 1074 4170 des
1093 4120 1240 4171 Gemaehes
1266 4135 1321 4171 von

58 4190 122 4238 dem
143 4193 245 4242 andern
265 4191 411 4254 gesondert
424 4203 489 4240 wer.
505 4217 533 4226 -
558 4189 666 4238 lectis.
686 4190 728 4239 F.:
747 4187 834 4238 lectos.
869 4189 919 4238 Die
932 4189 1120 4238 construction
1139 4189 1167 4237 in
1188 4188 1320 4254 derVulg.

61 4259 96 4305 ist
112 4272 185 4308 zwar
200 4259 323 4321 moglieb,
350 4258 498 4321 entspriebt
517 4257 584 4307 eber
602 4257 676 4307 nicht
701 4258 763 4307 dem
783 4257 935 4317 Gedenken,
960 4254 1009 4306 der
1032 4255 1235 4317 euszudriialion
1256 4271 1320 4307 war.

61 4327 104 4374 Sie
123 4331 191 4376 setzt
208 4341 317 4386 vorans,
335 4327 398 4375 dass
419 4326 467 4376 des
489 4325 599 4388 subject
619 4325 657 4375 als
676 4324 844 4388 selbstthe'tig
864 4323 980 4386 gedecbt
999 4324 1109 4374 werden
1127 4324 1207 4375 kann.

130 4413 153 4478 8,
173 4415 214 4478 20,
232 4415 275 4466 23.
317 4415 360 4465 Ta
382 4423 498 4465 antem.
532 4414 620 4464 Ueber
647 4415 699 4465 den
720 4413 861 4463 Gebreuch
886 4427 939 4464 von
963 4419 1078 4464 auten
1098 4416 1126 4463 in
1148 4415 1339 4481 Fregesitzeu.

61 4485 184 4533 bemerkt
201 4485 277 4534 Hand
295 4486 369 4535 Turs.
388 4482 409 4543 1,
427 4499 452 4547 p.
473 4481 536 4533 575:
561 4481 682 4548 caprinis
701 4481 845 4546 quaerentis
869 4481 1031 4548 impetraret
1056 4480 1243 4546 aelernasliam,
1270 4483 1322 4533 siae

61 4567 92 4599 ea
114 4550 145 4599 ab
163 4552 333 4601 admiratione
347 4552 540 4618 proficiscatur,
559 4551 612 4600 siae
629 4548 661 4599 ab
680 4548 921 4614 indignatione
940 4556 965 4600 el
986 4549 1188 4613 iracundia,
1213 4551 1323 4603 mamma

61 4620 89 4668 in
109 4619 383 4685 reprehensione.
419 4618 514 4672 Graeci
530 4613 772 4688 inclinate.
855 4646 879 4655 .,
