2820 4964
407 132 959 257 vissusnmsxusi-n.
1186 215 1188 220 -
1251 178 1347 249 aaa·

56 362 178 446 quidem
205 359 356 438 Philotas,
381 359 433 442 qui
458 357 599 440 gravium
631 356 784 438 supplicia
807 354 969 435 metueret,
1005 352 1085 418 baud
1113 351 1317 434 sabaimque

53 460 157 522 animo
178 459 327 521 audiebat
757 457 760 460 ’

42 587 45 591 ’
140 557 235 618 XLIL
280 551 368 617 ⁹Rex
388 553 419 615 in
436 552 617 616 concionem
636 570 793 630 reversus,
820 551 941 615 simut
968 550 1000 613 in
1026 549 1169 613 cmtudia
1192 565 1317 630 quoque

55 659 220 734 torqueret,
240 653 304 716 sive
318 657 352 714 ut
373 649 544 730 diligentius
566 655 676 711 cuncta
696 653 907 728 cognosceret,
927 646 1089 710 concilium
1109 646 1142 708 in'
1162 637 1318 726 posterum

54 751 137 812 diem
158 749 285 812 distulit:
317 754 348 811 et
369 766 548 829 quamquam
569 745 601 807 iu
618 764 777 826 vesperam
795 744 959 810 inclinabat
975 744 1055 822 dies,
1079 750 1180 806 tarum
1204 741 1318 803 amicos

55 846 222 908 convocari
243 846 338 911 iubet.
377 839 405 885 ¹⁰
412 845 452 905 Et
470 841 581 904 ceteris
599 843 720 924 quidem
740 842 887 923 placebat,
899 841 1102 904 Macedonum
1123 859 1210 902 more
1229 837 1319 901 obrui

54 943 147 1019 saxis,
167 941 371 1022 Hephaestion
391 946 490 1001 autem
509 944 541 1000 et
557 940 700 1001 (hatenus
722 945 753 1001 et
771 941 895 1002 &enus
913 939 1071 1001 tormentis
1090 939 1247 1003 veritatem
1267 955 1308 998 ex
1333 989 1337 994 ,

52 1039 245 1120 primendam
266 1056 334 1099 esse
355 1037 504 1109 dixemnt,
526 1039 558 1096 et
575 1034 622 1097 illi
642 1054 773 1117 quoque,
795 1035 848 1118 qui
867 1035 951 1098 aliud
972 1034 1188 1113 suaserant-in
1209 1034 1320 1095 horum
1393 1110 1396 1115 ,

53 1136 236 1199 seutentiam
255 1137 417 1196 transeunt
451 1125 473 1171 ¹¹
482 1129 620 1193 Consilio
638 1144 712 1211 ergo
732 1130 867 1211 dimisso,
884 1133 1088 1214 Hephaestion
1107 1151 1178 1194 cum
1190 1130 1320 1193 Cratero

54 1238 90 1296 et
103 1231 226 1294 “Coeno
263 1230 302 1291 ad
336 1229 541 1311 quaestionem
578 1229 616 1289 de
641 1227 761 1290 Philota
790 1229 957 1293 habendam
986 1235 1181 1310 consurgunt
1206 1223 1321 1290 -¹²Rex

54 1332 186 1391 Cratero
211 1327 360 1390 accersito
392 1331 424 1389 ct
454 1344 596 1389 sermono
622 1324 743 1402 habito,
773 1325 860 1389 cuius
880 1344 997 1389 mmma
1010 1346 1079 1389 non
1100 1327 1181 1388 edita
1200 1331 1263 1403 ast,
1287 1324 1321 1386 iu

55 1426 190 1489 intimam
205 1410 365 1486 diversorii
375 1415 492 1504 partem
510 1422 645 1499 secessit,
666 1427 698 1482 et
715 1421 843 1483 minoda
860 1421 981 1484 arbitris
1005 1422 1036 1484 in
1055 1422 1180 1485 multam
1198 1424 1321 1485 noctem

55 1521 243 1605 quaestionis
279 1519 449 1600 expectavit
479 1525 628 1580 eventum.
673 1511 854 1580 ¹³'l0rtoms
879 1517 916 1579 ‘iu
950 1518 1150 1598 conspectum
1184 1518 1321 1581 Philotae
1357 1518 1360 1525 '

56 1619 160 1682 omnia
179 1617 365 1680 crudelitatis
381 1614 581 1678 instrumenta
595 1616 781 1695 proponunt
819 1607 890 1677 ¹⁴lit
908 1613 960 1676 ille
981 1615 1074 1690 ulmo,
1088 1615 1173 1686 Quid
1190 1616 1321 1693 scantia

56 1717 163 1799 inquit,
184 1717 266 1796 regis
286 1714 459 1789 inimicam,
481 1710 721 1792 marsanam,
741 1712 937 1793 confitmt'am
957 1711 1115 1776 ocean?
1135 1712 1213 1794 quid
1228 1731 1321 1793 queae-

142 1913 287 1973 Graterus
299 1907 428 1988 exigere,
451 1911 494 1982 ut,
516 1926 595 1986 quae
607 1905 812 1984 confiteretur,
831 1905 863 1967 in
873 1905 1031 1971 tormentis
1049 1899 1173 1991 quoquc
1191 1905 1322 1982 discreta

14 2066 20 2073 .
56 2001 83 2047 ¹⁵
94 2012 125 2068 et
145 2007 215 2068 dum
234 2005 407 2085 corripitur,
427 2002 499 2064 dum
518 2003 695 2084 obligantur,
710 2003 801 2082 oculi,
821 2004 893 2066 dum
912 2005 1005 2068 vestis
1024 2005 1153 2083 exuitur,
1174 2005 1250 2068 deos
1268 2025 1322 2085 pa·

57 2103 143 2180 trice,
168 2103 300 2183 gentium
324 2102 391 2162 iura
409 2099 611 2180 nequicquam
632 2101 715 2179 apud
736 2101 843 2162 surdas
862 2120 952 2163 eures
971 2101 1138 2167 invocabat
1171 2103 1232 2164 Per
1252 2101 1323 2164 ulti·

56 2220 126 2261 mos
149 2199 256 2258 demde
277 2195 442 2270 cruciatus,
474 2199 581 2271 utpote
602 2201 632 2255 et
651 2196 809 2258 damnatus
836 2197 1017 2260 etinimicis
1038 2198 1070 2260 iu
1091 2199 1218 2280 gratiam
1237 2198 1320 2280 regis

56 2292 278 2373 torquentibus,
303 2291 460 2350 laceratur.
494 2283 573 2350 16Αο
586 2289 966 2374 prim0,quamquamhinc
980 2293 1066 2374 iguis,
1089 2297 1172 2358 illinc
1193 2297 1321 2360 verbera

57 2393 119 2452 iam
132 2407 195 2450 non
208 2387 246 2447 ad
264 2385 478 2468 quaestionem,
499 2384 554 2444 sed
564 2385 603 2444 ad
621 2404 751 2464 poenam
767 2388 988 2468 ingerebantur,
1009 2410 1073 2453 uon
1092 2412 1201 2454 vocem
1218 2394 1321 2470 modo,

60 2487 115 2548 sed
141 2483 230 2545 etiam
260 2480 388 2562 gemitus
414 2479 517 2541 habuit
545 2479 576 2540 in
606 2487 770 2560 potestate;
810 2481 896 2549 ¹⁷sed
926 2493 1089 2568 postquam
1118 2488 1321 2553 intumescens

60 2600 173 2661 corpus
186 2579 338 2641 ulceribus
360 2575 548 2655 flagellorum
566 2576 646 2639 ictus
663 2577 752 2650 nudis
774 2579 894 2643 ossibus
914 2582 1055 2646 incussos
1073 2585 1154 2648 terre
1173 2604 1236 2649 nou
1254 2593 1345 2668 pot,

62 2683 136 2753 erat,
149 2676 175 2738 si
196 2674 352 2738 tormentis
374 2673 535 2735 adhibituri
555 2673 681 2736 modum
703 2681 812 2753 essem,
835 2675 987 2742 dicturum
1007 2698 1050 2757 se,
1073 2680 1149 2762 quae
1171 2682 1258 2749 scirex
1271 2693 1322 2746 e'x·

61 2780 206 2854 peterent,
235 2771 405 2852 pollicetur.
444 2764 471 2808 ¹⁸
481 2770 544 2832 Sed
566 2769 654 2831 finem
682 2770 850 2853 quaestioni
870 2774 950 2853 iore,
980 2776 1080 2838 iurare
1103 2796 1160 2841 eos
1176 2798 1235 2861 per
1250 2777 1323 2842 Ale-

19 2868 24 2919 ἓ
64 2870 172 2932 xaudri
200 2869 326 2931 salutem
355 2867 478 2929 volebat
498 2866 710 2949 removerique
739 2860 880 2934 tortores
920 2872 960 2935 Et
985 2877 1117 2954 astroque
1152 2873 1324 2956 impetrato,

10 2970 19 3043 ξ·
62 2967 200 3042 Oratore,
221 2965 333 3046 iuquit,
354 2964 419 3040 dic,
446 2963 524 3042 quid
541 2982 589 3024 me
609 2965 684 3026 velat
703 2964 809 3028 dicere.
849 2962 941 3031 ¹⁹lllo
960 2967 1148 3052 indignante,
1173 2971 1323 3039 ludificari

62 3084 140 3140 eum,
163 3081 328 3142 rursusque
342 3069 503 3122 revocante
522 3065 663 3139 tortores,
683 3068 801 3143 tempus
821 3071 926 3147 petere
948 3066 1058 3149 coepit,
1082 3067 1152 3131 dum
1173 3068 1324 3151 reciperet

61 3159 208 3240 spiritum,
227 3165 343 3235 cuncta,
366 3176 443 3241 quae
465 3156 565 3235 sciret,
588 3157 782 3223 indicaturus.

152 3249 308 3314 ²⁰lnterim
333 3252 463 3336 equites,
485 3253 690 3319 nobilissimus
711 3258 853 3341 quisque,
872 3257 943 3321 etii
961 3259 1105 3340 maxime,
1127 3263 1180 3346 qui
1202 3262 1323 3327 Parme—

60 3351 182 3413 nionem
203 3349 373 3430 propinqua
390 3351 572 3430 cognatione
592 3351 812 3434 contingebant,
832 3361 995 3439 postquam
1017 3358 1166 3423 Philotam
1186 3361 1323 3442 torqueri

60 3449 140 3510 fama
160 3447 341 3526 vulgaverat,
363 3444 461 3526 legem
484 3449 686 3510 Macedonum
707 3450 803 3528 veriti,
822 3470 882 3534 qua
902 3457 1024 3516 cautum
1046 3462 1119 3535 erat,
1141 3454 1177 3520 ut
1197 3456 1322 3539 propin·

128 3627 155 3691 o,
176 3625 219 3690 ts,
237 3598 272 3680 a*
302 3629 434 3748 Quoque
452 3629 558 3683 seren
575 3632 634 3685 sucu
656 3634 718 3686 seur
737 3636 822 3688 seren
840 3636 889 3688 aur
908 3637 959 3691 aas
986 3639 1108 3705 rossanus
1125 3634 1212 3697 wora.
1242 3643 1273 3694 s.
1293 3638 1321 3706 u,

59 3696 103 3760 90,
118 3696 143 3751 5.
163 3699 217 3748 Liv.
235 3696 277 3761 m,
297 3695 335 3761 11,
358 3697 371 3748 1

60 3764 233 3828 inclinato
260 3765 295 3815 in
314 3783 490 3833 vesperam
513 3765 567 3816 dte
586 3765 700 3819 calescit.
736 3771 820 3836 Vergl.
840 3773 932 3824 Horat,
949 3787 1034 3825 carm·
1052 3770 1185 3838 md:
1209 3776 1323 3830 incli-

58 3849 144 3883 nare
165 3833 336 3884 meridiem
357 3833 442 3885 sentis.
476 3835 531 3884 biv,
551 3831 575 3897 3,
595 3831 687 3896 fibi:
714 3837 865 3901 sisoi-tatae
885 3837 946 3890 ielis
968 3839 1083 3893 aedae.
1113 3869 1142 3881 -
1170 3841 1195 3908 b,
1218 3841 1259 3910 19,
1279 3845 1321 3901 10.

60 3901 86 3951 E
95 3899 336 3968 epriinendam.
356 3902 383 3950 S.
400 3899 424 3964 8,
437 3899 478 3964 10,
493 3897 534 3953 90.
555 3898 579 3966 9,
602 3900 642 3964 11,
660 3901 682 3954 1.
700 3901 724 3968 9,
747 3902 788 3967 19,
808 3902 833 3957 6.
851 3904 1018 3972 1111111
1037 3906 1069 3960 5:
1087 3910 1211 3976 consumo
1230 3911 1323 3982 culpa

59 3968 282 4036 eoeprimitur.
304 3965 330 4030 9,
348 3966 372 4032 9,
390 3966 420 4020 5;
444 3968 602 4036 sponsionem
619 3970 697 4023 ittam
715 3982 957 4041 expresserunt
973 3973 1045 4027 autb
1061 3976 1196 4032 Samnites.

128 4055 213 4122 012,
234 4057 273 4111 19.
308 4058 513 4110 Diversorii.
543 4062 570 4110 S.
590 4057 747 4124 6,96,16;
776 4063 945 4132 airagiaeaa
960 4065 1090 4120 istrum.
1111 4096 1144 4107 -·
1174 4067 1200 4134 6,
1219 4068 1262 4135 19,
1282 4069 1322 4129 th

57 4125 98 4176 lia
115 4133 347 4194 conspectum
374 4127 414 4176 F.:
438 4127 625 4199 inconspecto.
644 4156 673 4167 -
696 4129 928 4184 crudelitatis
951 4134 1200 4189 instrumenta.
1235 4141 1322 4206 Vargl.

57 4191 83 4249 6,
105 4191 149 4254 37,
168 4191 309 4258 nauta,
329 4191 367 4245 lb.
390 4192 430 4246 17.
449 4221 477 4233 -
509 4192 594 4257 (adi,
616 4195 657 4248 15.
686 4197 824 4251 Eldana
852 4201 894 4253 R:
920 4200 988 4254 dam.
1010 4231 1043 4241 -
1060 4205 1211 4271 ,eattae
1235 4207 1322 4263 iurat

60 4263 101 4312 Da
118 4275 148 4313 or
166 4264 223 4314 sein
238 4263 377 4328 Vergehen
396 4263 479 4314 sehon
497 4265 655 4342 gastandan.
669 4291 699 4344 '.'
721 4267 810 4334 apud
824 4267 951 4320 sardas
973 4286 1083 4323 aerea.
1101 4274 1128 4326 8.
1145 4288 1180 4328 zu
1197 4271 1271 4340 110,
1282 4274 1321 4329 17.

57 4337 260 4476 mt‘tttt
266 4333 511 4451 111111111ῐὶ
530 4347 571 4462 ii,
583 4340 713 4464 titt?
716 4334 877 4454 111111
889 4334 1003 4470 titii
1015 4337 1175 4463 isiciis
1171 4357 1324 4480 ,tttttt

57 4464 152 4516 lectam
169 4473 193 4516 et
211 4465 340 4517 inutilium
358 4466 485 4517 cociones
503 4466 626 4518 inietriom
642 4484 684 4518 eoa
702 4485 756 4521 este
770 4470 896 4536 [asturem

67 4627 73 4637 ·
127 4553 155 4618 6,
174 4554 218 4618 19,
238 4555 278 4608 18.
314 4557 379 4608 Per
397 4555 596 4608 Alexandri
614 4558 770 4614 solutast.
824 4562 903 4617 Dices
921 4566 1042 4620 triunert
1059 4581 1094 4622 an
1119 4569 1172 4625 dea
1189 4558 1323 4636 mucha-¹

56 4625 146 4678 hcbcn
162 4625 275 4678 munus
289 4641 351 4692 per
365 4623 511 4678 toletana
525 4624 711 4697 principia.
730 4655 760 4671 ··
783 4628 936 4688 craton.
969 4634 1045 4688 llacb
1063 4637 1152 4704 Corde
1179 4639 1223 4690 R:
1251 4637 1322 4691 Oro-

391 3726 447 3748 .-
471 3698 505 3748 io
527 3714 699 3766 vesperam
721 3701 921 3755 inclinabat
946 3705 1030 3771 diet,
1057 3707 1146 3761 naban
1168 3705 1193 3772 1,
1209 3707 1255 3772 31,
1271 3707 1322 3763 99ε
