2820 4964
154 123 209 187 lX.
230 122 701 190 xxvt.2s26.xxvrl.21-'11=.
719 122 1228 191 xxvm.12-15.xx1x16-19.
1258 120 1322 189 319

62 292 223 371 9Quorum
244 295 365 357 fremitu
386 296 537 372 exaudito,
548 297 623 378 ²qui·
635 303 779 376 torquere
798 295 946 357 Biconem
968 285 1049 358 iussi-
1065 301 1171 373 erant,
1183 295 1321 371 omisere,

60 392 166 466 veriti,
188 411 227 452 ne
252 392 283 451 id
304 394 404 453 facere
430 394 673 455 tumultuantium
701 393 917 454 vociferatione
941 392 1181 470 prohiberentur.
1221 387 1320 467 10111ο,

62 489 144 549 sicut
164 488 293 549 nudatus
315 497 392 566 erat,
414 490 610 568 pervenitad
634 491 784 564 Graecos,
811 495 842 550 et
861 488 1041 550 miserabilis·
1060 488 1321 568 iacies‚snpplicio

50 586 203 646 ‘destinati
222 586 253 645 in
274 586 424 648 diversum
447 588 561 649 animos
580 593 705 666 repente
726 586 857 661 mutavit,
884 585 1051 665 dimittique
1071 605 1140 645 eum
1161 586 1320 647 iusserunt

60 677 85 720 ¹¹
97 685 166 744 lloc
185 683 278 744 modo
295 704 395 762 poena
413 685 459 744 bis
480 684 623 744 liberatus
646 704 715 744 cum
736 683 863 758 ceteris,
886 681 937 762 qui
958 681 1094 742 colonias
1111 701 1129 741 a
1147 701 1220 761 rege
1240 682 1322 743 attri-

61 781 151 842 butas
166 781 359 861 reliquerunt,
379 780 504 842 revertit
521 781 552 840 iu
574 781 708 860 patriam.
751 781 834 840 llaec
859 778 941 840 circa
961 780 1071 840 Bactra
1091 786 1121 843 et
1142 778 1321 858 Scytharum

61 879 207 938 terminos
230 884 321 957 gesta.

147 974 292 1035 XXVlll.
346 969 499 1036 ¹²lnterim
520 994 623 1054 regem
645 975 772 1036 duarum
792 974 942 1054 gentium,
969 975 1008 1035 de
1041 973 1150 1054 quibus
1181 980 1249 1035 ante
1277 973 1322 1034 di-

62 1075 145 1130 ctum
159 1064 213 1146 est,
236 1077 355 1131 centum
368 1070 457 1150 legati
477 1073 594 1133 adeunt.
631 1075 745 1134 Omnes
762 1064 852 1132 curru
870 1071 1062 1146 vehebantur,
1083 1071 1192 1131 eximia
1210 1070 1310 1148 magni

61 1166 168 1227 tudine
192 1184 365 1246 corporum,
389 1167 502 1230 decoro
525 1167 639 1243 habitu,
658 1168 756 1228 lineae
776 1175 876 1229 vestes
894 1169 1008 1228 intexto
1030 1186 1105 1228 auro
1127 1184 1321 1247 purpuraque

61 1262 229 1324 distinctae.
268 1259 293 1303 ¹³
302 1265 340 1326 Ei
361 1284 395 1326 se
415 1266 527 1329 dedere
548 1264 651 1343 ipsos,
679 1266 770 1327 urbes
790 1283 956 1345 agrosque,
985 1264 1172 1339 referebant,
1201 1282 1258 1341 per
1277 1270 1323 1324 tot

39 1365 176 1420 'aetates
197 1361 366 1423 inviolatam
388 1352 555 1422 libertatem
574 1362 655 1423 illius
676 1361 805 1440 primum
822 1360 897 1421 ¹fidei
914 1359 1085 1439 dicionique
1104 1359 1321 1438 permissuros:

63 1454 140 1515 deos
160 1457 217 1516 sibi
236 1458 397 1519 deditionis
419 1465 567 1534 auctores
581 1478 644 1520 non
663 1464 789 1530 metum
811 1457 923 1538 qnippe
944 1454 1062 1516 intactis
1081 1456 1195 1515 viribus
1217 1455 1322 1532 iugum

63 1552 214 1630 excipere.
253 1549 366 1630 ¹⁴Rex,
393 1554 522 1616 consilio
544 1555 664 1632 habito,
693 1554 812 1615 deditos
833 1554 862 1613 in
883 1554 973 1613 fidem
995 1551 1126 1630 accepit,
1162 1551 1321 1629 stipendio,

63 1649 147 1728 quod
169 1651 343 1711 Arachosiis
368 1655 495 1732 utraque
516 1652 599 1712 natio
618 1642 794 1730 pensitabat,
816 1650 969 1728 imposito.
1012 1650 1172 1710 Praeterea
1192 1649 1219 1708 ll
1239 1647 1322 1708 milia

64 1751 95 1804 et
116 1749 143 1805 D
164 1747 278 1826 equites
301 1747 443 1826 imperat;
466 1754 497 1809 et
514 1749 616 1810 omnia
635 1748 811 1810 obedienter
829 1767 847 1808 a
868 1745 1004 1807 barbaris
1028 1747 1114 1807 lecta
1153 1738 1321 1806 ¹⁵1nv'itatis

63 1843 172 1902 deinde
194 1845 232 1903 ad
249 1843 352 1923 epulas
371 1845 476 1923 legatis
498 1846 631 1925 gentium
652 1843 840 1925 regulisque,
868 1842 1009 1903 exornari
1027 1842 1199 1904 convivium
1227 1841 1319 1905 iussit

62 1938 191 1999 Centum
212 1941 294 2000 aurei
317 1941 388 2001 lecti
407 1942 534 2003 modicis
556 1942 719 2003 intervallis
743 1942 835 2020 positi
854 1947 954 2014 erant3
975 1941 1061 2002 lectis
1083 1940 1322 2003 circumdederat

63 2036 168 2095 aulaea
179 2056 312 2114 purpura
335 2056 469 2118 auroque
490 2039 647 2116 fulgentia3
668 2037 811 2120 quicquid
833 2045 884 2098 ant
903 2039 983 2116 apud
997 2040 1104 2099 Persas
1124 2044 1225 2099 vetere
1246 2036 1322 2098 luxu

62 2137 116 2190 aut
136 2132 216 2206 apud
238 2131 419 2192 Macedonas
440 2153 519 2193 nova
540 2134 745 2194 immutatione
765 2140 942 2213 corruptum
964 2140 1036 2212 erat,
1057 2136 1190 2209 contusis
1211 2135 1321 2200 utrius·
1368 2205 1370 2209 ,

63 2245 123 2306 que
144 2226 238 2303 gentis
259 2225 338 2285 vitiis
361 2228 391 2286 in
414 2229 467 2289 illo
489 2229 627 2290 convivio
650 2229 836 2290 osteudens.¹

148 2324 270 2384 XXIX.
311 2317 489 2385 ¹⁶lntererat
507 2325 604 2404 epulis
625 2326 796 2404 Dioxippus
815 2325 1022 2404 Atheniensis,
1053 2329 1138 2407 pugil
1159 2329 1269 2390 nobilis
1291 2337 1322 2392 et

61 2420 260 2480 obeximiam
283 2421 422 2482 virtutem
441 2420 549 2482 virium
571 2421 634 2500 regi
656 2427 801 2500 pernotus
825 2428 855 2482 et
877 2428 988 2500 gratus.
1027 2423 1122 2484 Invidi
1140 2425 1321 2511 malignique

62 2516 257 2594 increpabant
268 2538 324 2596 per
338 2519 416 2578 seria
429 2524 459 2579 et
480 2518 593 2594 ludum,
616 2517 742 2596 saginati
767 2518 906 2596 corporis
926 2519 1011 2598 sequi
1030 2519 1164 2580 inutilem
1186 2520 1320 2582 beluam:

63 2633 154 2692 qumn
177 2615 234 2692 ipsi
254 2615 403 2693 proelium
426 2614 549 2688 inirent,
580 2613 650 2674 oleo
670 2613 837 2674 madentem
858 2635 1040 2694 praeparare
1058 2623 1193 2676 ventrem
1215 2617 1320 2696 epulis.

62 2705 86 2746 ¹⁷
99 2711 211 2770 Eadem
231 2711 321 2789 igitur
339 2711 369 2770 in
386 2710 526 2771 convivio
542 2713 687 2772 llorratas
706 2711 834 2771 Macedo
853 2711 911 2771 iam
931 2712 1112 2774 temulentus
1134 2714 1320 2792 exprobrare

63 2807 90 2866 ei
113 2807 215 2885 coepit
234 2815 263 2867 et
284 2807 446 2885 postulare,
467 2812 508 2882 ut,
532 2807 558 2868 si
580 2806 628 2867 tir
649 2811 737 2881 esset,
761 2813 885 2884 postero
908 2807 955 2868 die
977 2830 1081 2871 secum
1107 2809 1189 2870 ferro
1218 2810 1321 2870 decer-

62 2909 164 2962 neret:
193 2923 295 2982 regem
315 2904 433 2962 tandem
452 2903 502 2962 vel
525 2903 562 2962 de
583 2923 638 2964 sua
659 2903 825 2963 temeritate
842 2904 890 2964 vel
908 2905 946 2964 de
965 2905 1045 2965 illius
1065 2905 1182 2984 ignavia
1208 2906 1321 2967 iudica-

61 3008 171 3059 turum.
222 2995 248 3039 ¹3
258 3002 296 3060 Et
326 3018 344 3058 a
370 2998 541 3078 Dioxippo,
581 2999 774 3078 contemptim
801 3001 958 3061 militarem
995 3001 1135 3062 eludente
1167 3002 1320 3079 ferociam,

61 3103 186 3173 accepta
209 3095 342 3156 conditio
363 3101 415 3155 est.
460 3096 506 3154 ric
525 3102 649 3174 postero
673 3096 721 3156 die
740 3116 808 3171 rex,
832 3117 924 3176 quum
940 3098 1028 3158 etiam
1050 3098 1149 3158 acrius
1170 3104 1320 3159 certamen

61 3202 274 3269 exposcerent,
301 3192 371 3273 quia
399 3191 551 3252 deterrere
578 3212 640 3253 non
667 3199 799 3272 poterat,
828 3193 973 3254 destinata
996 3193 1105 3274 exequi
1130 3210 1238 3272 pessus
1265 3201 1319 3257 est.

61 3284 85 3324 ¹9
97 3290 204 3366 lugens
226 3289 274 3348 hic
297 3288 431 3363 militum,
454 3287 531 3348 inter
552 3309 629 3370 quos
652 3295 736 3349 eraut
755 3289 881 3365 Graeci,
903 3289 954 3372 qui
972 3289 1126 3370 Dioxippo
1151 3289 1320 3367 studebant,

129 3471 153 3533 9,
171 3471 215 3532 he,
238 3471 276 3522 19.
311 3471 443 3521 Liceae.
462 3474 515 3522 Der
535 3475 774 3537 cigenthhmlichon
791 3476 980 3525 construction
999 3473 1092 3524 helber
1112 3488 1134 3524 s.
1152 3487 1186 3524 zu
1204 3471 1319 3537 5,98,6.

63 3568 90 3576 -
112 3540 260 3589 intento.
288 3541 328 3590 F.:
352 3540 474 3589 intextae.
511 3542 591 3591 Beidc
609 3543 833 3591 Constructionem
859 3542 919 3591 sind
944 3542 1073 3604 moglich3
1100 3554 1131 3591 so
1152 3542 1215 3592 Plin.
1237 3544 1269 3592 N.
1286 3542 1319 3593 ll.

60 3605 147 3666 8,]18.
167 3606 213 3657 742
240 3624 331 3656 aetram
353 3608 468 3656 intexere
489 3607 517 3656 in
540 3608 627 3657 eadem
641 3606 708 3657 Aria
725 3608 821 3657 incenit
839 3606 946 3657 Attalns
971 3623 1079 3656 ree-r
1103 3606 1240 3658 colores
1264 3609 1319 3658 di-

61 3692 178 3724 acrsos
198 3677 359 3742 picturae
382 3675 543 3725 intexere
561 3674 679 3739 Babylon
697 3676 808 3725 manime
827 3674 971 3724 celebrarit.
1002 3673 1163 3737 curtae,
1184 3675 1223 3726 17.
1260 3678 1319 3727 Da·

60 3758 143 3805 gegcu
166 3748 235 3793 unct.
253 3745 288 3792 nd
303 3744 416 3792 Herenn.
437 3738 463 3800 1,
483 3738 524 3802 17,
543 3741 594 3792 60:
614 3758 671 3791 cum
688 3741 820 3808 chlamyde
836 3757 978 3809 purpurea,
1005 3740 1181 3792 coloribus
1206 3743 1320 3792 verita

60 3812 201 3859 intenta.
237 3811 323 3873 Vergl.
342 3825 375 3859 zu
399 3812 425 3858 C.
444 3807 467 3871 3,
485 3807 512 3867 8,
534 3808 573 3858 17.

129 3901 155 3961 9,
172 3901 214 3964 98,
236 3901 274 3952 13.
312 3900 470 3950 Intactis
489 3899 622 3949 viribus
642 3901 741 3950 honnte
760 3914 812 3950 nur
830 3913 883 3949 von
903 3901 965 3950 dem
982 3900 1067 3961 einen,
1087 3900 1156 3949 noch
1176 3900 1249 3949 nicht
1266 3913 1315 3949 an·

60 3972 222 4032 gegrillonen
249 3973 328 4019 unter
348 3971 399 4019 den
425 3969 519 4018 beiden
539 3968 654 4017 Vb'lkern
674 3972 767 4030 gesagt
783 3969 899 4018 worden.
921 3994 950 4003 -
979 3964 1004 4028 9,
1023 3964 1066 4026 98,
1089 3963 1130 4017 11.
1155 3965 1319 4015 Pantita-

61 4037 133 4098 bat,
153 4040 204 4087 wie
221 4039 275 4087 Cic.
293 4038 327 4086 de
346 4038 394 4099 leg.
414 4050 470 4098 agr.
490 4033 515 4096 3,
532 4032 556 4097 9,
577 4033 609 4084 9:
631 4035 752 4084 hemonia
768 4035 887 4100 praeunte
907 4033 1075 4085 commodiore
1092 4031 1237 4083 conditione
1252 4041 1318 4096 aut,

61 4121 138 4168 qnam
158 4104 214 4164 illa,
233 4121 298 4170 quae
313 4104 500 4169 pensitant.
515 4128 548 4139 —-
575 4104 634 4152 wie
651 4104 777 4165 nbrigens
796 4104 871 4153 diese
890 4102 999 4166 Angabe
1026 4103 1077 4153 mit
1098 4102 1161 4152 dem
1179 4101 1320 4154 ausdruck

60 4172 187 4221 {inviolata
208 4171 312 4220 libertas
331 4172 557 4230 hbereinstimme,
574 4172 610 4220 ist
626 4171 727 4220 unhlar,

128 4261 153 4324 9,
173 4261 217 4323 98,
237 4261 276 4312 15.
320 4261 482 4325 Confusis
507 4261 686 4326 utriusque
703 4259 822 4378 gentis
846 4257 955 4309 sitite.
981 4258 1006 4306 S.
1031 4257 1086 4306 htv.
1108 4254 1133 4316 1,
1152 4253 1193 4320 93,
1214 4254 1245 4307 h:
1270 4256 1319 4306 duc

58 4330 186 4397 populi
219 4331 247 4380 io
277 4346 354 4380 eram
383 4330 520 4392 confusi
542 4336 608 4379 anat.
635 4326 676 4391 31,
721 4327 781 4391 ,3;
810 4343 877 4376 runc
906 4325 935 4375 in
959 4338 1051 4390 sorpto
1078 4338 1157 4375 mm
1183 4325 1321 4388 consuti

60 4415 175 4447 omnes.

129 4489 154 4552 9,
173 4487 216 4549 99,
239 4487 277 4539 16.
315 4488 482 4538 Virtutem
507 4487 640 4538 virium.
675 4486 816 4537 hehnllche
840 4483 1002 4534 Alliloration
1028 4494 1049 4532 z.
1070 4483 1096 4532 B.
1117 4479 1142 4544 6,
1162 4478 1189 4543 1,
1209 4481 1237 4533 1:
1263 4481 1320 4531 oi-

61 4557 99 4606 aa
124 4558 260 4607 vicerunt.
298 4558 398 4620 Wegen
424 4556 472 4606 der
499 4557 654 4619 Bedeutung
678 4567 731 4605 von
758 4553 842 4604 otrtm
865 4551 947 4614 vargi.
967 4550 1021 4600 cic.
1046 4551 1081 4602 de
1100 4549 1145 4600 flu.
1163 4549 1189 4611 5,
1211 4547 1253 4611 13,
1271 4547 1318 4600 37;
