2820 4964
108 192 172 256 210
386 193 424 274 Q.
443 191 583 254 CUR'lll
608 189 704 281 uum
728 188 781 252 Vl.
803 188 915 254 XLIV.
942 190 1094 252 31-40.

194 362 305 423 XLlV.
349 363 409 438 Qui
430 368 553 442 postero
575 360 623 420 die
644 367 675 420 et
699 380 774 442 quae
796 360 954 421 confessus
982 365 1046 418 erat
1067 357 1217 432 Philotas,
1247 359 1377 437 recitari,

112 466 143 522 et
163 461 277 540 ipsum,
301 457 374 538 quia·
394 459 510 538 ingredi
529 476 590 517 non
612 462 745 536 poterat,
769 457 857 517 iussit
878 457 985 517 afferri.
1021 450 1164 517 ³⁵0mnia
1194 464 1378 533 agnoscente

113 578 160 634 eo,
180 555 360 629 Demetrius,
382 556 434 635 qui
455 553 585 634 proximi
610 552 734 613 sceleris
757 553 910 632 particeps
933 572 1001 614 esse
1024 552 1213 631 arguebatur,
1235 553 1378 631 produci-

113 661 176 714 tur:
203 651 298 713 multa
324 650 534 725 affirmatione,
565 648 715 728 animique
737 650 850 728 pariter
869 649 1036 712 constantia
1060 657 1089 710 et
1110 650 1212 710 vultus
1234 649 1376 725 abnuens,

113 751 272 833 quicquam
295 747 352 808 sibi
371 748 402 807 in
422 767 524 826 regem
548 746 711 824 cogitatum
733 767 816 823 esse,
838 753 987 808 tormenta
1013 747 1101 806 etiam
1129 745 1320 822 deposcebat
1349 747 1376 806 iu

113 847 314 926 semetipsum.
349 839 484 924 36(ῥιιυιη
499 843 632 904 Philotas
643 844 826 905 circumlatis
847 843 945 905 oculis
963 844 1109 904 incideret
1125 844 1155 904 iu
1167 841 1255 904 Calin
1277 862 1375 922 quem-

113 947 196 1019 dam,
216 942 296 1004 lraud
319 940 427 1018 procul
449 946 592 1016 stantem,
615 941 742 1020 propius
768 961 836 1001 eum
863 941 951 1002 iussit
975 939 1128 1000 accedere.
1171 939 1229 1000 lllo
1261 947 1375 1018 pertur-

112 1044 184 1104 bato
205 1048 236 1102 et
256 1042 413 1098 recusante
434 1038 560 1098 transire
580 1039 618 1098 ad
640 1058 716 1114 enm,
740 1038 883 1114 Pacem,
907 1035 1015 1119 inquit,
1038 1037 1229 1096 Demetrium
1252 1039 1376 1097 menate·

113 1154 279 1214 rursusque
294 1153 341 1192 me
359 1136 557 1211 eremm'arq'?
593 1128 715 1195 ³⁷Galiu
736 1153 797 1194 vox
819 1133 1000 1214 sanguisque
1022 1131 1210 1194 defecerant:
1235 1141 1267 1194 et
1280 1132 1374 1194 Mace-

114 1236 209 1295 dones
232 1230 379 1292 Philotam
401 1194 557 1310 inlltfflli
579 1232 719 1293 innoxios
738 1231 815 1291 velle
839 1230 1081 1310 suspicabantur,
1107 1230 1178 1312 qnia
1197 1250 1255 1293 nee
1285 1231 1374 1293 aNi-

114 1329 260 1393 romacho
280 1348 337 1389 nee
357 1326 395 1388 ab
412 1327 479 1406 ipso
501 1328 635 1403 Philota,
665 1348 757 1409 quum
777 1334 987 1409 torqueretur,
1008 1327 1180 1389 nominatus
1197 1335 1280 1390 esset
1308 1329 1374 1389 adc-

113 1430 239 1490 lesceus.
284 1424 344 1505 Qui
366 1432 400 1486 nt
420 1426 591 1504 praefectos
612 1425 692 1505 regis
713 1425 942 1486 circumstantes
963 1443 996 1485 se
1019 1422 1109 1498 vidit,
1134 1425 1322 1487 Demetrium
1348 1433 1374 1484 et

65 1568 68 1573 -
114 1523 306 1602 semetipsum
330 1522 362 1582 id
383 1521 498 1583 facinus
520 1523 669 1600 cogitasse
693 1522 851 1582 confessus
871 1527 926 1583 est.
963 1515 1117 1584 ³³0mnes
1142 1538 1217 1599 ergo
1240 1542 1259 1582 a
1281 1521 1373 1583 Nico-

30 1684 37 1689 ,
112 1621 220 1683 macho
236 1617 379 1679 nominati
392 1637 477 1680 more
495 1617 594 1698 patrio
614 1616 685 1679 dato
705 1617 792 1696 siguo
811 1617 890 1679 saxis
911 1617 1013 1680 obruti
1033 1606 1113 1680 suut
1143 1612 1294 1697 ³⁹Magmo
1316 1638 1373 1680 nou

113 1716 232 1791 salutis,
262 1715 317 1775 sed
343 1715 430 1776 etiam
460 1715 588 1775 invidiae
616 1712 753 1793 periculo
781 1713 925 1774 liberatus
952 1721 1017 1775 erat
1042 1713 1230 1790 Alexander,
1265 1716 1372 1796 quippe

113 1810 271 1876 Parmenio
294 1819 325 1873 et
344 1811 492 1887 Philotas,
523 1811 675 1890 principes
696 1809 878 1897 amicorum,
909 1810 967 1871 uisi
986 1811 1084 1892 palam
1104 1789 1315 1887 sdiildlffsiue
1335 1813 1372 1873 in-

113 1908 284 1988 dignatione
309 1909 402 1970 totius
432 1909 582 1970 exercitus
606 1926 669 1968 non
698 1907 868 1985 potuissent
901 1908 1042 1970 damnari.
1086 1902 1228 1989 ⁴⁰ltaque
1259 1928 1372 1989 ¹anceps

113 1988 252 2087 quietari*
261 1982 336 2067 lut:
367 2006 437 2066 dnm
460 1971 600 2073 irlliltlds'
627 2009 674 2064 est
695 2004 826 2080 lacinus,
856 2005 1019 2067 crudeliter
1043 2005 1181 2086 torqueri
1207 2005 1372 2081 videbatur,

112 2108 184 2182 post
206 2101 428 2163 contessionem
449 2100 583 2162 Philotas
605 2120 644 2162 ne
665 2101 829 2162 amicornm
850 2097 971 2182 quidem
985 2102 1232 2164 misericordiam
1259 2103 1371 2165 meruit.

184 2283 208 2348 6,
229 2282 272 2346 ll,
293 2284 335 2336 35.
369 2284 422 2335 Ec.
440 2283 586 2334 Pteodem.
607 2312 638 2322 -
660 2283 784 2335 uultur.
809 2285 850 2335 P:
871 2284 950 2336 vulta
983 2289 1009 2338 S.
1027 2288 1055 2338 C.
1083 2285 1122 2349 10,
1146 2285 1188 2350 25,
1213 2285 1245 2341 ὃς
1275 2287 1372 2339 animi

112 2352 293 2420 uultusque
318 2352 516 2402 constantia
538 2352 637 2401 terruit.
667 2379 694 2389 —
720 2350 746 2414 6,
775 2349 818 2412 ll,
848 2350 888 2403 38.
926 2352 1266 2406 Nominati-obrttti
1293 2364 1369 2406 sant.

114 2423 153 2473 F.:
181 2421 363 2472 nominatos-
380 2419 525 2469 obruerunt.
557 2447 584 2456 -
614 2417 640 2480 6,
658 2417 699 2473 ll,
718 2418 758 2471 39.
795 2419 822 2469 N
829 2436 869 2468 on
886 2419 1022 2472 salutis.
1044 2425 1087 2473 P:
1110 2439 1162 2473 nen
1181 2422 1257 2474 modo
1277 2424 1369 2476 salutm

113 2489 319 2540 -inuidiue
337 2489 411 2539 Naclr
429 2489 515 2551 Conj.;
536 2488 575 2539 F.:
596 2488 671 2539 citae.
688 2491 712 2538 S.
727 2490 866 2539 Cluentii.
886 2486 912 2548 2,
928 2487 952 2552 2,
971 2488 1001 2542 3:
1020 2491 1042 2540 si
1061 2490 1162 2541 sublato
1182 2490 1232 2541 illo
1249 2491 1370 2560 depellit

112 2557 181 2608 calm
199 2573 271 2606 omne
288 2554 430 2623 periculum
447 2555 597 2616 iudicarem,
614 2555 765 2624 lamprides
786 2573 829 2622 eqo
842 2554 873 2606 L.
886 2555 1025 2609 Catilinam
1044 2575 1097 2609 uon
1113 2559 1188 2610 modo
1204 2559 1369 2623 incidiae,

112 2642 191 2686 meae,
218 2641 304 2676 amum
322 2625 398 2675 etiam
420 2623 513 2674 ettae
531 2623 689 2689 periculo
710 2623 873 2674 sustratum.
1081 2646 1085 2651 ·
