2820 4964
276 229 313 291 V.
335 229 405 293 XV.
427 233 575 298 22-25,
598 229 685 292 XVI.
705 230 854 292 27-34.
878 227 977 292 XVII.
1004 233 1105 293 1-3,
1261 230 1319 292 149

58 421 128 461 cum
151 398 372 478 Polyperconte
396 398 585 479 Amyntaque
613 405 643 460 et
664 397 771 460 Coeno
802 398 955 460 diversum
983 398 1040 459 iter
1067 398 1182 477 ingredi
1209 401 1316 473 iussus
1346 471 1350 480 1

57 495 150 556 alium
172 501 318 557 terrorem
337 495 435 556 intulit
454 492 598 556 barbaris.
639 491 664 535 ³¹
673 493 810 574 Undique
832 514 906 574 ergo
927 495 1128 555 Macedonum
1152 495 1241 555 armis
1261 495 1318 554 ful-

59 591 205 670 gentibus,
225 591 348 671 ancipiti
364 591 443 653 malo
464 591 614 672 oppressi,
631 590 826 652 memorabile
847 599 946 652 umen
966 591 1115 668 proelium
1137 576 1238 652 edunt.
1280 593 1319 650 Ut

58 689 177 768 opinor,
200 688 346 767 ignaviam
359 707 481 768 quoque
495 687 657 749 necessitas
680 686 767 762 acuit,
791 693 821 748 et
840 707 931 767 saepe
951 685 1122 765 desperatio
1143 688 1209 766 spei
1228 708 1318 748 causa

58 793 112 847 est.
146 781 264 847 32Νωίἰ
284 783 562 863 complectebantur
582 790 729 858 armatoS,
745 788 776 842 et
797 783 910 862 ingenti
930 802 1093 861 corporum
1115 784 1194 844 mole
1214 805 1317 846 secum

57 882 96 940 ad
118 886 227 941 terram
249 880 455 955 detrahentes,
486 879 620 958 ipsorum
647 878 715 940 telis
744 879 908 961 plerosque
940 878 1102 947 fodiebant.
1138 875 1316 942 ³³Ariobar-

57 997 146 1038 zanes
169 983 283 1052 tamen,
312 976 370 1036 XL
393 976 487 1036 ferme
509 975 657 1056 equitibus
679 982 710 1035 et
730 974 862 1055 qulnque
877 974 998 1036 milibus
1018 976 1151 1054 peditum
1181 976 1315 1055 stipatus

56 1095 113 1152 per
125 1072 252 1133 mediam
266 1071 361 1131 aciem
372 1071 572 1132 Macedonum
588 1070 763 1132 cummulto
782 1091 904 1133 suorum
919 1075 1007 1151 atque
1020 1071 1150 1133 hostium
1169 1074 1314 1152 sanguine

56 1169 172 1247 erupit,
194 1167 380 1246 Persepolim
398 1167 521 1242 urbem,
541 1173 633 1246 caput
652 1165 800 1246 regioniS,
819 1188 971 1247 occupare
994 1167 1144 1246 festinans.
1177 1161 1276 1229 ³4Sed
1297 1189 1314 1229 a

57 1264 235 1325 custodibus
253 1263 336 1324 urbis
357 1264 512 1340 exclusus,
541 1264 734 1344 consequutis
751 1269 871 1324 strenue
899 1254 1052 1339 hostibus,
1078 1286 1145 1326 curn
1175 1265 1314 1326 omnibus

57 1361 147 1438 fugae
172 1359 331 1422 comitibus
364 1365 509 1421 renovato
540 1360 659 1438 proelio
694 1358 811 1420 cecidit.
870 1357 1014 1419 Craterus
1051 1379 1172 1439 quoqne
1206 1361 1314 1440 raptim

57 1456 173 1535 agmine
196 1463 265 1517 acto
288 1455 468 1535 supervenit.

140 1553 239 1614 XVII.
269 1546 381 1612 nipe„
391 1551 499 1612 eodem
509 1551 591 1625 Ioco,
612 1570 674 1630 quo
690 1549 823 1610 hostium
842 1548 945 1628 copias
967 1548 1091 1624 fuderat,
1114 1556 1313 1658 casltiggQ-

58 1648 160 1711 munit.
205 1653 392 1728 Quamquam
414 1647 494 1708 enim
514 1647 646 1728 undique
664 1645 760 1724 fugati
780 1645 882 1705 hostes
910 1642 1066 1703 victoriam
1094 1656 1312 1724 concesserant,

57 1752 155 1805 tamen
165 1744 315 1824 praealtae
327 1744 567 1825 praecipitesque
586 1743 687 1802 fossae
707 1741 846 1820 pluribus
866 1739 944 1801 locis
972 1740 1107 1803 obiectae
1132 1742 1314 1822 abruperant

57 1841 122 1914 iter,
146 1844 313 1921 senumque
334 1845 363 1900 et
385 1846 472 1901 ceute
494 1838 750 1919 progrediendum
776 1842 846 1912 erat,
870 1837 928 1897 iam
950 1857 1012 1898 non
1031 1838 1169 1912 hostIum,
1192 1841 1245 1900 sed
1267 1841 1312 1901 lo-

57 1957 161 1996 corum
185 1936 288 1997 fraude
310 1943 460 2015 suspecta.
507 1921 710 1996 ¹²Procedenti
732 1934 760 1994 ei
788 1933 905 1995 litterae
938 1934 1108 1995 redduntur
1131 1955 1148 1994 a
1171 1936 1312 2012 Tiridate,

57 2033 182 2093 custode
195 2035 339 2112 pecuniae
361 2033 472 2112 regiae,
496 2015 669 2106 indicantes,
690 2031 825 2111 eosqui
845 2031 875 2090 in
895 2030 971 2090 urbe
989 2036 1100 2104 essent,
1122 2031 1225 2092 audito
1247 2033 1312 2096 eius

56 2129 194 2203 adventu,
217 2129 347 2207 diripere
359 2128 452 2189 velle:
472 2133 651 2206 properaret
663 2146 815 2205 occupare
836 2127 993 2188 thesauros
1015 2127 1170 2189 dimissos:
1191 2129 1312 2207 expedi-

56 2232 118 2286 tum
131 2224 189 2284 iter
208 2243 284 2298 esse,
305 2242 482 2302 quamquam
493 2223 607 2282 Araxes
620 2222 714 2282 amnis
725 2210 884 2285 interfluat.
917 2217 1060 2284 ³Nullam
1080 2223 1220 2285 virtutem
1231 2225 1311 2305 regis

55 2430 168 2481 Pluralis
186 2428 265 2487 steht,
287 2428 347 2478 sind
365 2427 408 2475 dle
427 2427 562 2476 einzelnen
579 2427 720 2488 Personcn,
740 2430 808 2480 ohne
830 2429 971 2480 Rttcksicht
994 2430 1042 2480 aul
1056 2431 1100 2481 die
1119 2434 1187 2481 etwa
1206 2432 1312 2482 chivel-

59 2499 158 2548 tenden
173 2497 325 2559 graduallen
345 2495 540 2554 Unterschicdo,
559 2498 637 2544 uhter
654 2495 714 2545 dem
726 2498 824 2562 Regrill
838 2499 889 2548 der
904 2498 1034 2548 ldehrheit
1049 2501 1312 2562 zusamrnengelasst.

56 2570 82 2616 S.
101 2568 127 2615 C.
147 2561 170 2624 4,
189 2561 230 2623 23,
251 2561 289 2613 17.
312 2559 335 2624 fi,
353 2559 394 2623 42,
414 2560 453 2611 ll.
474 2560 497 2624 5,
517 2558 561 2621 29,
584 2559 624 2613 12.

124 2655 148 2718 5,
172 2652 210 2715 lb,
228 2652 270 2705 31.
291 2651 402 2702 Acuit.
432 2653 517 2717 Vergl.
534 2654 588 2702 Liv.
608 2650 633 2716 7,
650 2651 674 2716 7,
688 2652 719 2704 3:
738 2660 834 2703 ceteros
855 2652 890 2702 ad
906 2652 1071 2703 aemulandas
1085 2653 1192 2704 uirtutes
1209 2657 1311 2708 acuit.

56 2728 138 2775 Sonst
152 2723 333 2787 gewbhnlich:
355 2722 440 2771 durch
452 2722 578 2771 Schdrlen
599 2723 766 2782 vermehren,
785 2723 911 2786 strigem,
929 2736 951 2772 z.
963 2723 990 2772 Β.
1004 2736 1097 2769 acuere
1111 2737 1200 2772 cruram
1214 2725 1276 2784 (Liv.
1287 2723 1311 2784 Β,

55 2790 80 2854 b,
103 2790 153 2853 15],
176 2792 230 2839 iras
256 2791 318 2850 (Liv.
339 2787 363 2849 9,
381 2785 404 2850 9,
426 2786 467 2838 18.
493 2786 537 2849 22,
555 2785 581 2849 4,
603 2788 635 2852 1),
662 2789 748 2839 studia
772 2791 836 2851 (Liv.
857 2787 896 2850 10,
919 2786 959 2848 13,
981 2785 1018 2850 8),
1040 2787 1211 2852 prudentiam,
1234 2791 1311 2840 indu-

55 2860 155 2922 striam,
175 2858 307 2922 inpenium,
326 2863 440 2907 mentem.
505 2909 507 2912 y

122 2949 148 3010 5,
172 2947 211 3010 15,
228 2946 270 2999 33.
311 2946 371 2996 Per
387 2944 526 2996 mediam
546 2946 659 2996 actem.
695 2947 730 2996 Er
750 2947 832 2997 brach
851 2945 1070 2995 wahrscbeintich
1089 2946 1173 2997 durch
1195 2950 1238 2999 die
1257 2951 1310 3000 ihm

55 3021 95 3068 im
121 3019 228 3068 Rttclren
256 3015 403 3066 stehcnden
426 3015 649 3064 macedoniSchen
673 3015 757 3077 Corps
784 3015 840 3064 und
863 3013 956 3076 schlug
982 3013 1053 3062 danu
1081 3015 1226 3066 denselhon
1250 3026 1294 3067 we

56 3086 125 3135 nach
143 3085 293 3147 Persepolis
316 3084 366 3144 ein,
392 3083 441 3132 aul
464 3083 524 3137 dem
550 3081 612 3131 hald
630 3083 747 3132 nachher
766 3081 915 3131 Alexander
932 3081 1084 3131 vorrucne.
1105 3109 1137 3116 -
1165 3083 1189 3145 5,
1211 3082 1250 3145 16,
1270 3033 1312 3135 34

56 3153 198 3218 Ilaptim
220 3151 347 3216 apmine
364 3157 455 3212 acto,
482 3151 533 3199 wie
550 3147 574 3211 9,
595 3145 696 3212 40,14.
717 3151 770 3198 Liv.
789 3146 832 3208 23,
848 3145 889 3211 35,
908 3144 942 3198 6:
966 3155 1072 3215 praeter
1091 3165 1166 3200 arma
1187 3151 1255 3201 nibil
1269 3168 1311 3200 se-

56 3237 115 3271 cum
140 3218 218 3281 miles,
241 3218 371 3284 raptim
392 3225 464 3267 acto
489 3217 632 3281 apmine,
658 3215 795 3267 eutulerat.
827 3218 949 3281 Dagegen
968 3218 1023 3267 LIV.
1043 3216 1070 3278 5,
1089 3215 1179 3282 37‚7:
1197 3221 1313 3270 caerem

56 3288 187 3352 raptim
207 3287 313 3335 ducto.
351 3286 476 3348 Vergl.(.'
503 3283 529 3344 5,
550 3283 590 3347 35,
609 3283 633 3336 5.
1283 3292 1286 3307 ·

125 3377 151 3438 5,
174 3375 213 3440 17,
234 3376 255 3426 1,
289 3375 411 3424 Eodem
431 3373 517 3434 loco,
533 3390 601 3438 quo.
623 3375 707 3438 Vergl.
728 3375 756 3423 C.
774 3372 800 3435 7,
818 3371 859 3436 24,
880 3370 927 3424 43:
948 3373 1099 3442 supplicium
1117 3377 1209 3439 (Bessi)
1227 3375 1310 3426 distu-

56 3447 99 3508 lit,
122 3453 150 3494 ut
174 3461 209 3492 eo
237 3443 327 3504 loco,
352 3443 380 3491 in
406 3457 465 3507 quo
490 3441 602 3490 Dareum
618 3443 672 3508 lpse
688 3440 827 3503 occiderat,
842 3448 986 3491 necaretur.
1007 3471 1039 3478 -
1058 3442 1242 3492 communit.
1268 3444 1308 3494 R:

56 3512 226 3565 commrmimt.
246 3538 274 3546 -
294 3510 477 3559 victoriam
493 3515 750 3559 concesserant.
782 3509 946 3572 Vollstb'ndig
962 3507 1051 3570 alicui,
1069 3511 1127 3561 au.
1147 3512 1199 3561 Clo.
1218 3512 1252 3562 de
1270 3525 1309 3562 or.

55 3581 83 3643 2,
105 3580 137 3641 7,·
150 3578 198 3630 28;
218 3578 259 3626 eui
276 3594 328 3626 noa
344 3576 425 3626 solum
444 3593 490 3625 nos
508 3576 584 3626 latini
600 3577 731 3636 sumnum,
749 3575 795 3625 sed
810 3575 888 3625 etiam
905 3575 999 3625 Graeci
1014 3577 1025 3626 i
1042 3577 1065 3625 si
1081 3575 1163 3626 soleat
1180 3593 1242 3627 suae
1257 3577 1310 3628 lin-

53 3665 124 3716 puae
146 3645 311 3696 subtilitatem
336 3643 536 3710 elepantiamque
558 3645 747 3694 concedere.
786 3647 868 3694 Sonst
893 3658 914 3695 s.
942 3645 997 3694 liv,
1032 3641 1102 3706 ,60,
1123 3642 1154 3694 4;
1174 3653 1311 3712 postquam

57 3729 256 3767 concessum
268 3712 448 3780 propemodum
465 3711 502 3760 de
520 3713 674 3762 victoria
690 3710 833 3763 credebant.
843 3708 887 3772 22,
903 3707 946 3771 12,
958 3706 990 3760 4;
1005 3712 1311 3779 increpans-debella-

57 3793 112 3835 tam
132 3790 156 3831 et
174 3797 371 3830 concessum
388 3777 526 3845 propalam
546 3779 582 3828 de
599 3777 915 3844 virtuteacplorla
932 3794 1009 3829 esse.
1024 3806 1052 3816 -
1072 3781 1205 3842 [raude.
1223 3783 1310 3846 Vergl.

56 3852 81 3913 7,
101 3849 142 3910 32,
162 3846 211 3899 343
235 3846 300 3897 atta
319 3846 391 3897 aliud
407 3847 537 3912 superiore
554 3845 706 3896 locorum
723 3845 847 3908 fraude
866 3846 982 3912 deceptis,
1008 3862 1084 3912 quam
1103 3847 1221 3897 honestae
1238 3865 1310 3898 mor-

57 3921 92 3969 tis
109 3916 229 3967 solatium
247 3932 279 3964 er
295 3916 402 3966 horterum
420 3914 504 3963 caede.
525 3916 594 3978 Virg.
604 3916 667 3964 hen.
676 3911 699 3975 9,
711 3910 794 3963 39511.
804 3927 811 3964 t
833 3929 905 3978 quern
915 3913 968 3962 lam
978 3929 1068 3963 mansas
1087 3915 1165 3964 omnis
1178 3915 1310 3965 Fraude

58 3986 130 4037 loci
149 3991 177 4034 et
194 3984 322 4046 noctis,
341 3982 423 4051 subito
444 3982 562 4030 turbante
578 3980 695 4041 tumultu,
716 3981 868 4047 Oppressum
884 3980 963 4046 rapit.

126 4074 153 4135 5,
174 4074 216 4135 17,
237 4072 262 4124 2.
299 4072 677 4152 Dtripere-dtmtrsos.
718 4074 752 4122 So
771 4073 847 4122 thetis
874 4072 943 4120 nach
961 4071 1117 4132 Handschr,
1140 4072 1215 4122 theiis
1242 4075 1310 4124 nach

57 4146 151 4206 Conj.;
175 4145 200 4192 F.
223 4158 246 4192 u.
267 4146 309 4192 Z.:
338 4142 449 4207 (limpore
463 4137 529 4188 nelle
545 4139 693 4200 thesauros,·
718 4145 871 4206 properaret
897 4154 1029 4204 occrrpare.
1068 4135 1186 4204 Dlm'pere
1202 4141 1243 4203 ist,
1261 4144 1311 4194 wie

56 4208 826 4272 manchevcrbabciC.,nurscheinbarahsolutgebraucht.
845 4206 1312 4260 Tbesaurrdamrssssrnddievondem

56 4281 178 4330 Besitzer
193 4279 335 4340 gleichsam
353 4276 552 4339 aulgegcbenen
571 4277 687 4326 Schdtze.
722 4278 747 4325 S.
764 4277 830 4325 Hirt.
853 4275 878 4324 b.
897 4289 922 4338 g.
939 4272 964 4335 8,
981 4272 1014 4323 5:
1032 4287 1114 4339 nuper
1131 4272 1224 4324 devicti
1240 4292 1311 4326 com-

54 4347 138 4414 plura
157 4345 251 4461 cpptdg
268 4345 423 4460 dimisepant.
448 4344 522 4394 huoh
542 4345 592 4395 sC.
608 4341 632 4406 5,
653 4341 691 4406 13,
711 4341 735 4393 3.
768 4345 870 4407 Wegen
885 4344 934 4392 des
952 4342 1047 4394 Infinit.
1067 4341 1112 4391 bei
1127 4351 1281 4409 properaret
1292 4361 1310 4396 s.

57 4412 380 4476 &Qffi,Qh

128 4503 154 4563 5,
173 4503 213 4564 17,
233 4504 256 4555 3.
288 4503 387 4569 Ilepts
405 4501 514 4552 istius.
545 4503 605 4552 Wie
617 4500 665 4549 iste
682 4502 721 4550 ott
739 4500 787 4551 nul
803 4501 847 4550 die
867 4500 1000 4550 belmonte
1012 4499 1234 4564 Geringldgiglreit
1248 4504 1313 4554 oder

58 4575 285 4626 Verdchtlichkeit
306 4575 380 4623 einer
395 4574 495 4621 Person
514 4571 580 4620 oder
600 4569 683 4619 Sache
708 4569 858 4628 hinweIset‚
885 4582 916 4618 so
943 4569 999 4618 hier
1025 4567 1073 4618 aul
1094 4569 1138 4619 die
1161 4569 1312 4622 bekanntou

59 4643 300 4708 ausgezeichneten
316 4641 528 4702 Charakterzttge
546 4637 717 4695 Alexanders.
751 4637 837 4701 Vergl.
854 4637 882 4686 C.
901 4631 926 4700 4,
945 4631 970 4700 4,
987 4633 1036 4686 22ι
1054 4651 1111 4686 cum
1129 4636 1194 4686 isto
1209 4653 1312 4704 spua-
