2820 4964
359 216 402 280 V.
422 215 476 278 lll.
497 214 625 279 salv.
646 217 795 280 itt-tu.
818 215 854 280 V.
876 218 914 280 31
928 218 1024 280 -31,
1266 216 1325 280 135

60 384 212 463 fastigium
234 384 380 458 excessit,
409 365 795 462 1151151111011111111,
821 384 878 446 nisi
905 390 1007 446 essent
1032 402 1141 463 specus
1169 382 1323 466 lacusque,

59 481 113 563 qui
132 481 314 560 exciperent.
350 464 502 542 ²⁹tloctili‘
526 479 673 543 laterculo
702 482 809 543 structi
836 489 921 544 suut:
950 487 1045 542 totum
1072 501 1150 560 opus
1179 481 1324 543 bitumine

59 578 241 657 astringitur.
285 579 365 638 Pons
387 577 540 656 lapidem,
561 576 677 638 flumini
695 578 870 657 impositus,
891 578 987 657 iungit
1007 578 1122 639 urbem.
1165 578 1221 640 llic
1250 601 1324 660 quo-

60 696 119 757 que
142 677 219 736 iuter
240 674 388 735 mirabilia
407 674 531 737 orientis
553 694 647 752 opera
668 681 841 736 numeratus
870 683 928 736 est:
956 673 1069 754 quippe
1087 674 1255 754 Euphrates
1270 677 1323 737 'al-

59 779 122 834 tum
143 774 246 834 limum
267 771 361 846 veluit,
389 791 452 852 quo
473 770 592 849 penitus
613 771 652 831 ad
672 772 865 833 fundamenta
886 769 1022 832 iacienda
1041 777 1162 850 egesto,
1192 775 1322 834 11111111-

59 869 189 930 liciendo
209 868 295 946 operi
317 869 436 927 firmum
455 867 610 945 reperiunt
625 867 739 946 solum3
767 863 912 930 ³⁰areuae
937 874 1037 927 autem
1067 867 1194 929 subinde
1221 890 1322 930 eumu—

58 967 145 1042 latae,
168 971 198 1026 et
218 964 307 1039 saxis,
331 963 399 1042 quis
420 983 499 1042 pons
519 963 692 1040 sustinetur,
714 985 855 1040 annexae,
878 970 1033 1026 morantur
1056 983 1181 1040 amnem,
1203 967 1253 1045 qui
1275 984 1321 1027 re-

58 1069 159 1127 tentus
175 1061 283 1144 aerius,
301 1079 395 1139 quam
416 1058 442 1120 si
462 1059 559 1120 libero
583 1081 674 1122 cursu
696 1068 817 1136 mearet,
837 1061 969 1122 illiditur.

144 1156 182 1218 V.
225 1152 366 1216 ³¹Arcem
389 1175 510 1236 quoque
530 1156 724 1219 errabituXX
745 1157 840 1220 stadie
862 1157 1051 1236 complexam
1072 1158 1188 1220 habeut.
1219 1160 1320 1220 XXX

59 1255 154 1333 pedes
176 1254 335 1313 interram
357 1253 482 1314 turrium
500 1253 691 1314 fundamenta
711 1255 840 1316 demissa
863 1259 947 1328 sunt,
966 1255 1005 1314 ad
1025 1255 1152 1316 LXXX
1174 1274 1321 1317 summum

57 1350 233 1410 munimenti
252 1350 441 1430 fastigiump
498 1350 567 1411 enit.
606 1347 742 1430 ³²Super
762 1370 872 1425 arcem,
894 1348 1048 1426 vulgatum
1068 1352 1256 1412 Graecorum
1279 1352 1321 1413 fa-

57 1446 136 1508 bulis
154 1445 344 1521 miraculum,
366 1370 499 1524 felisilleb
518 1446 597 1507 lrorti
618 1453 701 1520 suut,
727 1465 872 1506 summam
890 1465 1044 1506 murorum
1065 1445 1250 1507 altitudinem
1272 1469 1323 1508 ae·

57 1549 183 1625 quantes
213 1540 431 1622 multarumque
460 1543 603 1602 arborum
633 1540 740 1601 umbra
766 1551 796 1600 et
822 1540 1004 1620 proceritate
1033 1540 1185 1610 amoeni!⁴
1205 1537 1320 1606 ³³saxo

58 1641 151 1720 pilae,
174 1659 250 1720 quae
275 1643 372 1698 totum
393 1656 485 1698 :onus-
512 1632 673 1713 sustinent,
694 1636 857 1698 instructae
885 1643 973 1710 suut,
993 1656 1087 1716 super
1113 1638 1190 1716 pilas
1220 1639 1320 1719 lapide

58 1737 203 1817 quadrato
221 1734 320 1797 solum
342 1740 469 1795 stratum
484 1739 539 1809 est,
560 1733 680 1813 patiens
698 1739 809 1808 terrae,
826 1752 916 1813 quam
936 1732 1025 1794 altam
1044 1733 1194 1812 iuiioiuut,
1216 1745 1246 1798 et
1267 1737 1320 1797 hu-

57 1833 166 1908 moris,
193 1851 252 1912 quo
275 1831 372 1910 rigant
390 1838 501 1892 terras:
527 1831 665 1911 adeoque
683 1829 797 1890 validas
824 1829 953 1890 arbores
978 1830 1127 1893 sustinent
1150 1832 1262 1908 moles,
1288 1841 1321 1894 ut

58 1929 184 2008 stipites·
196 1948 297 1989 earum
310 1930 378 1989 Vlll
400 1927 570 1990 cubitorum
591 1927 721 2008 spatium
735 1925 931 1988 crassitudine
951 1935 1087 2008 aequent,
1110 1927 1140 1990 in
1161 1931 1186 1991 L
1208 1930 1319 2010 pedum

57 2025 242 2086 altitudinem
264 2026 427 2086 emineant:
460 2025 620 2103 frugiferae
646 2043 740 2104 aeque
761 2029 847 2098 sunt,
875 2028 909 2084 ut
930 2023 956 2084 si
976 2029 1056 2086 terra
1077 2045 1133 2087 sua
1159 2025 1319 2088 alerentur.

52 2116 132 2187 .³4Et
153 2142 244 2202 quum
265 2128 398 2182 vetustas
420 2141 480 2182 uon
503 2141 598 2199 opera
619 2119 718 2181 solum
740 2139 830 2180 manu
846 2121 941 2195 sacta,
969 2120 1024 2180 sed
1047 2123 1134 2182 etiam
1156 2121 1250 2201 ipsam
1269 2143 1320 2184 ua·

56 2224 156 2278 turam
176 2217 317 2294 paulatim
338 2217 493 2276 exedendo
516 2217 660 2294 perimat:
690 2219 765 2277 haec
786 2217 889 2292 moles,
913 2236 989 2296 quae
1011 2223 1057 2280 tot
1076 2218 1219 2279 arborum
1243 2218 1319 2279 radi—

56 2313 145 2372 cibus
169 2311 315 2388 premitur
334 2312 465 2391 tantique
481 2311 613 2372 nemoris
644 2314 779 2388 pondere
806 2319 930 2374 onerata
954 2318 1015 2391 est,
1044 2315 1185 2376 inviolata
1215 2315 1318 2385 durat;

14 2441 18 2445 ·
56 2407 172 2490 quippe
189 2407 257 2467 XX
278 2403 408 2488 [pedes]
436 2405 488 2466 lati
510 2407 639 2484 parietes
662 2407 823 2485 sustinent,
850 2409 990 2470 undecim
1019 2412 1132 2488 pedum
1161 2410 1318 2472 intervallo

57 2505 216 2579 distantes,
243 2510 277 2564 ut
298 2503 408 2583 procul
429 2503 592 2564 visentibus
611 2503 705 2563 silvae
731 2504 883 2565 montibus
899 2506 962 2567 suis
980 2507 1134 2578 imminere
1152 2506 1316 2568 videantur.

125 2710 152 2771 5,
173 2707 260 2771 1109.
297 2710 475 2762 Bituniae.
511 2713 574 2762 Hier
599 2712 635 2762 ist
655 2712 703 2763 das
723 2710 832 2762 litamen
848 2715 897 2763 mit
912 2714 995 2764 Recbt
1018 2715 1057 2765 als
1076 2714 1169 2765 moriat
1189 2715 1317 2765 bezeich-

57 2784 112 2830 net.
133 2807 165 2815 -
184 2780 304 2845 iaupit
324 2778 447 2832 urbem.
468 2783 493 2831 S.
511 2795 544 2829 zu
563 2776 588 2839 3,
610 2776 651 2838 17,
674 2778 696 2831 1.
711 2806 740 2816 -
760 2780 978 2858 sufficiendo
996 2782 1064 2832 uach
1082 2782 1131 2832 der
1150 2783 1318 2845 (1111111311-

59 2848 128 2898 chen
144 2849 301 2918 Bedeutung
318 2847 366 2897 des
383 2849 499 2908 werras,
524 2848 579 2897 also
605 2847 723 2910 sufficere
744 2863 806 2914 oper
827 2850 870 2899 ein
888 2848 1015 2898 Gebttude
1040 2849 1217 2910 unterbuueu,
1246 2850 1272 2899 d.
1292 2851 1317 2899 b.

58 2917 111 2966 deu
131 2916 223 2965 Grund
240 2916 307 2965 dezu
323 2917 406 3045 lqgen,
423 2917 475 2966 wie
493 2913 639 2964 substruere
658 2930 728 2980 opus.
762 2916 881 2966 andere:
900 2913 1038 2978 fulcienda,
1055 2917 1123 2967 oder
1141 2914 1316 2980 suffulciendo.

59 2982 248 3045 -firmuua
271 2986 310 3032 Z.:
349 2997 413 3030 rme.

126 3073 152 3135 5,
171 3070 255 3135 ‹l‚30.
290 3071 423 3125 Aerias.
460 3073 587 3123 Aehulich
614 3069 639 3134 6,
668 3070 707 3133 10,
725 3071 755 3123 5:
784 3072 844 3122 iude
869 3079 969 3122 torrear
997 3079 1022 3120 et
1048 3090 1227 3136 saeorum,
1257 3092 1317 3142 per

57 3157 146 3210 qaae
162 3142 330 3204 incurrit,
352 3142 543 3207 asperitate
561 3138 761 3193 uiolentior.
793 3142 869 3192 ovid.
887 3143 945 3192 Met.
963 3138 1055 3204 3508
1072 3143 1113 3194 u:
1140 3140 1180 3192 ric
1196 3159 1240 3210 eqo
1259 3151 1317 3193 tor-

56 3217 162 3272 rentem,
179 3226 230 3276 qua
245 3207 284 3257 uil
303 3207 421 3258 obstabat
440 3208 517 3268 atati,
538 3207 630 3258 beaute
648 3215 672 3257 et
691 3208 790 3258 modico
805 3209 914 3276 strepitu
931 3209 1068 3260 demere
1079 3210 1148 3260 uidi:
1174 3209 1218 3262 At
1235 3227 1317 3278 qua·

57 3294 190 3344 cunque
218 3276 334 3326 trabea
360 3275 607 3342 obstructaque
628 3292 717 3326 saxa
744 3276 922 3336 tenebant,
941 3277 1099 3344 Spumeus
1124 3285 1156 3328 et
1179 3281 1316 3344 [erveus

57 3353 89 3396 at
107 3345 145 3395 ab
167 3345 262 3394 obice
279 3345 419 3394 saeuior
438 3344 519 3394 ibat.
557 3345 783 3396 Wehrscheinlich
801 3347 838 3396 iat
854 3346 898 3396 die
916 3347 995 3396 stelle
1012 3360 1065 3397 rou
1084 3349 1133 3398 der
1150 3350 1316 3401 kttnstliclreu

57 3415 213 3483 Anbuntnng
233 3428 286 3462 uon
307 3414 415 3464 Steinen
435 3414 489 3464 und
513 3413 585 3462 Sand
607 3427 640 3462 zu
664 3414 814 3474 versteben,
842 3414 929 3464 durch
946 3415 1047 3465 welche
1073 3429 1136 3465 men
1161 3415 1205 3467 dte
1224 3416 1317 3466 Pteiler

57 3496 143 3547 gagen
161 3483 212 3532 den
231 3482 356 3545 Andraug
374 3483 422 3531 der
439 3481 546 3531 Fluthen
563 3495 596 3530 zu
615 3481 741 3532 schulzen
762 3482 875 3545 gesueht
893 3483 973 3533 hatte.

125 3571 150 3634 5,
166 3570 193 3633 5,
210 3570 252 3622 31.
287 3570 412 3621 Aream.
450 3571 677 3622 Wehrscheinlich
704 3574 741 3622 ist
763 3571 806 3622 die
833 3569 1058 3634 1010105010,
1082 3568 1100 3622 8
1123 3570 1317 3622 besohriebeue

57 3640 226 3704 Konigsburg
244 3641 292 3690 aut
305 3641 354 3691 der
371 3640 515 3690 Westseite
533 3640 582 3690 des
600 3640 705 3690 Flesses
722 3641 847 3703 gemeiut.
868 3666 897 3676 -
918 3637 1049 3688 babeat.
1068 3641 1111 3690 R:
1129 3638 1213 3691 labet
1231 3639 1316 3702 vergi.

58 3711 81 3773 5.
97 3705 138 3758 27.
173 3709 314 3759 Aehnliche
330 3709 434 3758 Constr.
453 3705 478 3765 7,
495 3703 537 3767 ll,
556 3703 587 3756 2:
604 3713 682 3773 petra
701 3707 812 3756 circuitu
832 3706 854 3756 C
873 3714 897 3755 et
915 3705 937 3756 L
956 3705 1073 3774 (stadia)
1090 3705 1273 3786 complectitur.
1286 3733 1313 3743 -

58 3776 210 3826 demissa.
239 3779 265 3826 S.
282 3777 350 3840 virg.
369 3776 399 3824 G.
420 3772 444 3836 0,
462 3771 525 3825 230;
546 3773 648 3840 alteque
664 3773 759 3824 iubebis
776 3776 805 3824 iu
823 3773 905 3825 solido
923 3781 1053 3840 puteum
1070 3774 1215 3825 demitti.

124 3865 147 3930 5,
166 3866 190 3930 5,
208 3865 248 3918 32.
287 3865 394 3932 Super
419 3880 536 3914 arcem.
556 3861 604 3915 I:
626 3867 708 3930 stupet
726 3882 793 3929 arce,
814 3868 866 3916 wie
883 3867 960 3916 Caes.
984 3865 1009 3916 b.
1029 3881 1054 3920 e.
1073 3865 1100 3927 3,
1121 3863 1169 3918 301
1193 3866 1318 3926 (tratrem),¹

58 3950 135 4001 super
152 3951 218 4002 qua
238 3934 329 3983 turrim
347 3932 464 3997 effectam
483 3932 519 3981 ad
538 3932 671 3981 introitum
689 3941 779 3999 pertua
802 3934 927 4000 appareat.
950 3960 980 3971 -
1011 3933 1038 3995 5,
1058 3932 1084 3996 5,
1104 3931 1146 3984 33.
1185 3933 1316 3983 Sauo-.-

58 4002 264 4052 instructae.
294 4004 319 4050 S.
337 3999 363 4060 5,
384 3998 478 4059 (105(
502 4016 587 4049 murus
607 4001 748 4050 instruetur
765 4000 891 4051 laterculo
911 3999 1007 4053 cecati.
1031 3999 1224 4064 1111110.-
1250 4015 1317 4066 pa·
1399 4060 1405 4071 ι

59 4070 153 4122 tieus.
183 4073 209 4121 S.
232 4069 269 4131 10,
290 4067 333 4128 31,
356 4065 398 4118 16:
427 4066 549 4133 capulam
569 4068 675 4117 iunaeuti
692 4067 829 4119 dumtaaat
845 4069 984 4136 patientem
1002 4084 1055 4121 esse
1078 4069 1155 4119 succi
1178 4065 1316 4127 5,10,u:

58 4139 112 4188 iam
130 4139 234 4188 uarium
249 4136 358 4202 patient.
382 4163 410 4173 -
431 4135 629 4202 frupiferae
647 4151 752 4202 aeque
770 4145 853 4187 saar.
880 4138 921 4189 Fa
947 4143 971 4185 et
987 4136 1131 4203 frupiferae
1149 4135 1208 4185 aiut.
1231 4154 1260 4173 ...
1282 4141 1318 4184 at

58 4207 87 4255 si
107 4209 176 4257 ohne
193 4205 427 4269 vorhergeheudes
446 4220 534 4269 aeque,
554 4205 581 4255 iu
597 4205 645 4255 der
655 4206 827 4270 Bedeutuug:
845 4206 896 4256 wie
914 4219 1001 4269 meua,
1019 4208 1055 4257 ist
1071 4206 1109 4258 uls
1124 4203 1317 4257 classischha-

59 4276 152 4326 withrt.
193 4276 227 4324 So
247 4275 299 4324 Cio.
319 4275 397 4324 Tuso.
416 4267 440 4335 cl,
461 4269 503 4330 23,
520 4270 568 4322 51:
588 4258 678 4339 Scipio
697 4300 726 4310 -
745 4273 872 4340 pmuutrtr,
892 4280 929 4322 at
953 4272 984 4323 si
1006 4270 1248 4341 contuleruut,
1274 4269 1319 4337 qai

59 4340 241 4410 rempublicam
255 4339 355 4391 saluam
375 4355 427 4389 esse
444 4338 530 4402 uellet,
551 4355 578 4387 se
596 4341 667 4407 sequi
685 4341 767 4394 iussit.
1169 4340 1172 4345 '

128 4405 154 4494 ia
171 4431 197 4493 5,
217 4429 258 4483 31.
295 4429 479 4481 Eaedeado.
499 4433 524 4481 S.
539 4445 572 4481 zu
589 4429 613 4492 3,
630 4430 668 4494 10,
688 4429 727 4481 10.
749 4459 781 4467 -
804 4430 932 4498 [pedes]
951 4433 1020 4482 nach
1036 4433 1108 4495 conj.
1122 4431 1318 4494 hinzugesetzt;

59 4503 130 4553 doeh
148 4502 184 4552 ist
198 4501 265 4551 auch
285 4502 329 4551 die
347 4499 408 4550 Zahl
428 4499 559 4550 vielteicht
578 4500 777 4565 111111111111111.Ι
802 4503 826 4550 S.
846 4500 923 4551 Diod.
939 4497 965 4560 1,
983 4498 1022 4561 10,
1043 4501 1092 4552 der
1110 4499 1154 4551 die
1171 4498 1252 4549 Dicke
1271 4497 1319 4547 der

59 4569 165 4621 wando
182 4565 276 4621 11111
295 4564 360 4620 Fuls
379 4567 495 4632 augicbt,
514 4567 558 4619 die
575 4568 662 4619 Weite
682 4568 731 4621 der
749 4569 980 4631 zwischeurtume
1004 4568 1051 4633 saut
1069 4565 1102 4619 10
1116 4567 1191 4619 Fuss.
1211 4593 1238 4602 -
1264 4568 1319 4617 Dus

60 4638 184 4699 absolute
200 4635 368 4689 sustiuerit
385 4635 421 4686 ist
438 4635 482 4687 bei
495 4633 544 4686 der
552 4635 625 4687 Nahc
639 4635 688 4697 des
698 4634 1111 4702 Hairptbegritlsuubedeuktieh.
1123 4661 1151 4672 -
1163 4641 1245 4687 ut-.
1259 4633 1319 4683 Wie
