2820 4964
115 181 181 247 aar
582 181 625 262 o.
646 180 904 247 cunrrraun

116 356 323 437 ²Navigabant
342 374 417 435 ergo
439 354 582 431 omniurn,
602 375 658 435 per
677 374 756 436 quae
776 356 959 432 terebantur,
979 357 1085 436 gnari.
1129 357 1288 433 Quantum
1307 356 1371 417 inde

117 456 237 516 abesset
257 472 355 526 mare,
379 471 456 532 quae
476 459 580 530 gentes
599 452 749 529 colerent,
786 472 876 533 quam
903 452 1056 532 placidum
1080 452 1177 513 amnis
1204 472 1258 529 os,
1287 472 1372 534 quarn

116 551 233 630 patiens
254 549 412 628 longarum
434 549 553 609 rravium
575 556 662 624 esset,
682 569 795 628 anceps
814 557 845 610 et
865 568 957 610 caeca
974 548 1142 610 aestimatio
1162 550 1371 628 augurabatur.

116 648 230 709 ³Ununr
254 652 319 707 erat
342 645 516 705 temeritatis
545 646 686 707 solatium
706 655 854 726 perpetua
880 646 1017 708 felicitas.
1057 645 1120 705 laur
1142 644 1255 709 OGGO
1283 647 1372 709 stadia

116 748 343 824 processerant,
364 761 456 821 quum
474 743 692 820 gubernatores
711 763 877 823 agnoscere
898 744 982 822 ipsos
1001 762 1105 803 auram
1123 741 1220 802 maris
1246 750 1278 805 et
1298 743 1371 805 baud

116 840 226 921 procul
244 839 341 899 videri
360 837 419 898 sibi
442 856 589 899 oceanum
610 839 718 900 abesse
742 840 875 900 indicant
902 840 976 919 regi.
1019 833 1150 900 ⁴Laetus
1179 840 1236 901 ille
1264 840 1370 903 hortari

115 938 253 1000 nauticos
275 935 385 1014 coepit,
409 934 616 995 incumberent
636 935 742 996 remis:
762 935 869 996 adesse
890 937 979 997 finem
999 935 1114 997 laboris
1133 937 1280 999 omnibus
1299 938 1369 999 votis

116 1033 300 1112 expetitum
329 1032 388 1092 iam
417 1031 491 1091 nihil
517 1031 632 1111 gloriae
659 1032 780 1106 deesse,
814 1030 888 1091 nibil
915 1032 1037 1093 obstare
1063 1032 1183 1105 virtuti3
1218 1035 1287 1096 sine
1311 1034 1368 1096 ullo

116 1129 221 1191 Martis
240 1127 420 1202 discrimine,
443 1129 507 1188 siue
522 1127 666 1207 sanguine
689 1128 793 1188 orbem
814 1133 913 1188 terrae
936 1128 974 1187 ab
993 1127 1054 1189 illis
1073 1130 1155 1209 capi;
1176 1150 1219 1192 ne
1240 1138 1368 1193 naman

115 1226 237 1308 quidem
256 1225 376 1304 longius
393 1243 485 1303 posse
504 1225 687 1302 procedere;
705 1223 790 1284 brevi
812 1223 966 1303 incognita
986 1224 1044 1285 uisi
1060 1226 1286 1291 immortalibus
1309 1248 1368 1291 esse

114 1323 244 1384 visuros.
287 1316 425 1383 ⁵Paucos
447 1328 546 1382 nmen
562 1320 682 1400 navigio
705 1321 803 1382 emisit
832 1320 864 1380 in
885 1321 998 1400 ripam,
1027 1322 1080 1404 qni
1112 1333 1253 1404 agrestes
1282 1345 1368 1405 vagos

115 1420 301 1498 exciperent,
330 1418 474 1498 equibus
494 1416 624 1477 certiora
647 1418 734 1478 nosci
752 1437 846 1496 posse
866 1419 1015 1497 sperabat.
1058 1420 1105 1481 illi
1125 1422 1257 1484 scrutati
1278 1422 1369 1483 omnia

114 1516 234 1595 tuguria
245 1515 364 1575 tandem
374 1514 499 1573 latentes
517 1532 688 1592 repperere.
729 1510 814 1595 6Qui
826 1515 1008 1595 interrogati,
1029 1536 1119 1596 quam
1131 1518 1246 1597 procul
1257 1519 1369 1579 abesset

115 1633 205 1688 mare,
224 1611 454 1691 responderunt,
476 1609 592 1670 nullum
612 1610 697 1689 ipsos
719 1630 801 1672 mare
822 1631 861 1672 ne
882 1612 961 1673 tama
983 1612 1105 1692 quidem
1127 1615 1306 1694 accepisse:
1327 1635 1369 1677 ee·

115 1719 212 1771 terum
232 1708 321 1769 tertio
343 1707 391 1767 die
413 1706 563 1785 perveniri
583 1726 675 1785 posse
696 1707 736 1766 ad
757 1727 865 1787 aquam
883 1726 1027 1783 amaram,
1058 1730 1136 1791 quae
1163 1720 1368 1792 corrumperet

115 1805 242 1867 dulcem.
284 1804 469 1865 Intellectum
495 1809 554 1878 est,
576 1822 659 1864 mare
682 1803 823 1864 destinari
844 1803 882 1864 ab
900 1803 1011 1884 ignaris
1030 1811 1155 1868 naturae
1176 1809 1255 1871 eius.
1300 1804 1368 1869 ⁷lta

114 1921 173 1983 que
194 1900 306 1979 ingenti
329 1900 482 1961 alacritate
510 1899 620 1958 nautici
648 1901 809 1979 remigant,
837 1907 867 1960 et
894 1901 1034 1978 proximo
1065 1921 1189 1984 quoque
1220 1905 1287 1982 die,
1314 1924 1366 1986 quo
1409 1889 1410 1902 ¹

113 1998 240 2078 propius
262 2017 333 2077 spes
353 1996 582 2069 admovebatur,
612 1996 767 2056 crescebat
788 1997 881 2057 ardor
901 1995 1077 2059 annnorum.
1116 2000 1226 2063 Tertio
1247 2002 1306 2063 iam
1326 2004 1367 2063 die

113 2094 237 2156 mixtum
248 2094 361 2154 flumini
383 2091 502 2152 subibat
520 2110 610 2166 mare,
630 2091 691 2152 leni
712 2093 810 2154 adhuc
832 2099 917 2153 aestu
937 2092 1142 2155 confundente
1166 2097 1307 2178 dispares
1320 2118 1366 2161 un

114 2194 176 2252 das.
221 2186 320 2250 ³Tum
343 2189 430 2250 aliam
450 2187 578 2248 insulam
596 2189 696 2249 medio
718 2188 796 2249 anmi
819 2188 904 2250 sitam
926 2189 1023 2250 evecti
1044 2190 1139 2267 paulo
1160 2192 1284 2274 lentius,
1306 2198 1366 2278 quia

114 2306 220 2349 cursus
243 2293 327 2347 aestu
342 2284 605 2358 reverberabatur,
624 2284 778 2394 applicant
766 2284 925 2345 tclassem
948 2284 1035 2344 etad
1058 2298 1250 2353 commeatus
1272 2301 1366 2372 peten-

114 2386 171 2446 dos
193 2385 373 2456 discurrunt,
395 2379 495 2440 securi
516 2399 603 2441 casus
625 2380 698 2456 eius,
719 2381 770 2462 qui
791 2379 996 2459 supervenit
988 2382 1111 2473 ignaris.

196 2480 335 2541 XXXV
383 2470 507 2537 ⁹Tertia
528 2478 621 2537 ferme
642 2478 718 2537 hora
738 2483 810 2554 erat,
830 2497 923 2557 quum
943 2484 1020 2538 stata
1040 2479 1116 2541 vice·
1128 2500 1268 2547 oceanus
1290 2506 1366 2548 exre

113 2583 216 2639 stuans
236 2574 335 2637 invehi
354 2572 455 2650 coepit
477 2577 507 2632 et
527 2580 610 2634 retro
640 2573 752 2634 flumen
781 2593 899 2653 urgere.
949 2574 1041 2653 Quod
1068 2576 1170 2655 primo
1196 2584 1365 2658 coercitum,

113 2673 220 2734 deinde
241 2669 444 2734 vehementius
464 2667 604 2746 pulsum,
636 2669 750 2730 maiore
772 2669 887 2748 impetu
904 2669 1063 2733 adversum
1090 2675 1257 2755 agebatur,
1287 2699 1365 2761 quan

113 2768 259 2830 torrentia
278 2765 435 2846 praecipiti
458 2764 543 2825 alveo
573 2765 737 2826 incurrunt.
776 2760 803 2804 ¹⁰
814 2766 919 2844 Ignota
947 2767 1039 2846 vulgo
1065 2768 1135 2829 freti
1163 2780 1277 2836 natura
1303 2782 1365 2850 erat,

112 2871 305 2945 monstraque
318 2870 348 2923 et
368 2862 430 2922 irae
451 2861 539 2922 deum
557 2861 667 2921 indicia
686 2880 810 2923 cernere
829 2863 1014 2924 videbantur.
1051 2864 1222 2929 Identidem
1249 2871 1365 2934 intuma

112 2980 201 3023 scens
232 2980 313 3020 mare
342 2966 373 3021 et
402 2958 433 3019 in
464 2977 589 3037 campos
615 2958 707 3037 paulo
736 2964 804 3018 ante
833 2959 933 3020 siccos
960 2959 1144 3023 descendere
1169 2970 1365 3045 superfusum

112 3052 134 3095 ¹¹
145 3059 266 3138 lamque
286 3056 392 3116 levatis
416 3054 542 3132 navigiis
563 3059 593 3113 et
613 3059 675 3114 tota
696 3053 793 3115 classe
815 3055 958 3133 dispersa,
980 3056 1032 3136 qui
1050 3059 1183 3137 expositi
1201 3072 1300 3142 eraut,
1321 3085 1366 3126 un

113 3155 203 3234 dique
225 3153 263 3213 ad
282 3170 373 3211 naves
392 3151 502 3229 trepidi
524 3156 554 3209 et
578 3149 743 3227 improviso
765 3151 845 3212 malo
867 3153 983 3213 attoniti
1009 3163 1178 3219 recurrunt
1220 3156 1318 3223 ¹²Sed
1342 3162 1365 3221 in

112 3249 241 3311 tumultu
260 3246 410 3307 festinatio
433 3264 553 3327 quoque
581 3246 666 3304 tarda
687 3253 740 3309 est.
783 3248 821 3308 Hi
844 3250 943 3309 contis
968 3248 1086 3328 navigia
1105 3252 1318 3333 appellebant,
1342 3258 1366 3318 li

113 3348 183 3408 dum
203 3363 303 3405 remos
324 3343 420 3422 aptari
440 3340 654 3420 prohibebant,
678 3343 884 3411 consederant.
924 3340 1082 3422 ¹³Quidam
1111 3350 1277 3430 enavigare
1304 3375 1367 3435 pro

112 3449 260 3523 perantes,
280 3441 413 3501 sednon
433 3437 605 3517 expectatis,
629 3437 680 3519 qui
701 3439 789 3501 simul
808 3459 874 3501 esse
897 3441 1053 3517 debebant,
1078 3442 1188 3505 clauda
1205 3453 1239 3508 et
1262 3450 1367 3511 intubi

111 3540 151 3599 lia
170 3537 287 3617 navigia
305 3536 445 3617 languide
458 3532 675 3602 moliebantnrr
699 3535 774 3597 aliae
785 3537 905 3599 navium
917 3536 1088 3601 inconsulte
1104 3548 1231 3606 ruentes
1251 3566 1367 3628 recepe

178 3746 204 3809 9,
224 3744 265 3807 34,
284 3745 308 3798 9
347 3745 574 3812 Narlpataat.
611 3746 658 3796 Die
678 3747 758 3797 Fahrt
776 3749 892 3811 geschah
912 3747 981 3797 nach
995 3748 1050 3796 An·
1070 3744 1096 3809 6,
1111 3744 1192 3807 18,9.
1212 3748 1300 3802 (laus
1313 3752 1365 3803 dem

111 3817 222 3869 rechten
240 3816 833 3878 81666666669616696996669666666-
861 3815 999 3882 patiens
1022 3812 1202 3880 langaran
1227 3820 1365 3869 sartan.

110 3886 274 3937 Narnantltch
293 3898 387 3949 wegen
406 3884 551 3947 etwaniger
569 3881 739 3935 Sandbtinke.

178 3974 204 4031 9.
225 3975 266 4031 36
287 3976 311 4027 n.
348 3976 540 4025 Incurrunt
576 3976 601 4023 S
622 3971 1110 4040 6,10,5.-aaa,10.1a01a
1138 3974 1365 4027 Ebbeundflutlt

111 4048 170 4097 ist
164 4060 200 4095 rm
221 4045 460 4095 rrrlttetttindischen
481 4045 569 4092 lteere
585 4042 648 4091 sehr
666 4044 752 4105 uenig
772 4042 912 4092 merkbar:
932 4044 981 4093 der
998 4056 1111 4106 grosseu
1130 4044 1221 4095 nassa
1244 4046 1295 4096 das
1309 4043 1365 4093 Vol-

111 4115 158 4163 kes
178 4114 257 4163 lenito
276 4115 331 4163 also
350 4115 387 4162 im
400 4112 565 4161 Attertbnure
585 4110 627 4159 die
639 4111 824 4174 Anscbauung,
845 4111 899 4160 und
916 4125 947 4162 so
963 4112 1032 4160 auch
1048 4111 1093 4161 die
1112 4110 1177 4161 ldee
1193 4112 1287 4163 dieses
1301 4110 1367 4163 Pht-

111 4194 229 4231 nomens.
264 4180 334 4230 lber
352 4181 405 4231 den
423 4180 610 4229 Gebildeteren
630 4190 687 4226 wer
706 4179 750 4228 dle
768 4179 853 4228 sache
874 4179 949 4230 nicht
965 4179 1058 4229 tremd
1078 4204 1108 4214 -
1127 4178 1368 4231 intumescens.

109 4249 149 4298 F:
169 4248 341 4297 intumescere.

175 4338 199 4399 9
195 4338 262 4470 ¹135,
286 4338 325 4387 1¹2.
362 4338 478 4387 Remos
499 4338 620 4404 optari
657 4338 741 4400 lffergl
761 4339 833 4400 t'irg
851 4339 913 4388 Aen.
932 4336 956 4399 5,
975 4334 1084 4387 mun.
1110 4337 1162 4405 ipsi
1184 4345 1371 4388 transtrum-

487 4403 761 4523 66666
772 4379 1410 4541 6666666666,

109 4542 136 4589 S
109 4472 616 4607 hvmaffiagrorxmawm
624 4539 801 4589 instabilia
824 4556 906 4608 prope
922 4540 1239 4607 magnitudiaia—
1273 4559 1372 4595 reca-

106 4615 250 4674 perenn
268 4621 299 4658 so
317 4610 385 4658 nach
404 4610 493 4673 Conj.;
513 4609 605 4662 bisber
621 4624 673 4658 aaa
692 4616 850 4676 receperant
