2820 4964
180 193 221 259 Χ.
241 193 330 258 XXI.
350 194 401 259 06.
421 191 527 258 xxu.
549 194 653 257 1-7.
673 190 797 258 XXlll.
815 194 938 256 δὲ’-16.
955 188 1074 256 XXIV.
1089 180 1232 257 162-19.
1271 188 1337 255 016

75 367 125 421 tur
145 361 236 423 modo
256 363 380 442 stirpem
401 360 540 442 Philippi,
560 368 592 425 et
612 362 706 425 lilium
727 381 763 424 ac
783 362 906 423 fratrem
926 380 1031 441 regum
1054 360 1184 423 duorum
1201 359 1335 423 sibimet-

76 456 149 536 ipsis
176 459 362 538 potissimum
395 459 559 523 crederent.
600 453 753 543 1¹Nullum
771 457 954 538 protundum
974 475 1065 533 mare,
1085 455 1202 518 nullum
1219 463 1335 519 vastum

75 555 185 615 fretum
200 564 230 616 et
240 555 444 635 procellosum
462 561 562 618 tantos
583 556 643 619 ciet
653 556 770 632 fluctus,
790 559 918 636 quantos
937 553 1097 617 multitudo
1118 561 1217 618 motus
1237 553 1336 629 hahet,

75 651 181 732 utique
203 652 228 714 si
252 672 331 714 nova
350 658 380 714 et
398 633 484 713 brevi
509 653 652 715 duratura
678 651 815 713 libertate
843 649 983 712 luxuriat.
1019 645 1144 712 1²Pauci
1172 650 1335 712 Perdiccae

75 748 167 809 modo
182 748 289 824 electo,
302 749 405 828 plures
415 748 563 829 Philippo,
577 769 665 831 quem
678 753 861 828 spreverant,
875 745 1032 826 imperium
1045 747 1161 808 dabant
1179 747 1335 808 Neovello

77 862 134 904 nec
145 843 228 905 nolle
242 846 401 927 quicquam
412 844 464 905 diu
473 852 620 924 poterant,
633 845 865 926 poenitebatque
879 843 971 905 modo
986 841 1113 919 consilii,
1125 843 1218 906 modo
1230 842 1336 923 poeni·

76 939 185 1002 tentiae
206 942 309 1020 ipsius.
344 941 393 1002 Ad
414 939 550 1003 ultimum
573 950 671 1004 tamen
693 942 723 1002 in
743 940 868 1019 stirpem
888 940 1000 1020 regiam
1019 940 1200 1002 inclinavere
1220 939 1335 1002 auidiis.

75 1031 100 1074 ¹³
112 1038 253 1098 Cesserat
274 1057 312 1098 ex
340 1038 486 1100 concione
509 1039 708 1114 ArrhidaeuS,
735 1036 906 1117 principum
934 1037 1112 1099 auctoritate
1139 1037 1335 1110 conterritum

32 1156 35 1163 ·
77 1138 107 1193 et
125 1125 253 1194 abeunte
278 1133 331 1195 illo
357 1135 542 1197 conticuerat
560 1136 675 1216 magis,
698 1153 787 1215 quam
803 1133 960 1212 languerat
985 1132 1120 1195 militaris
1141 1134 1237 1197 lavor.
1278 1135 1336 1194 lta·

77 1249 136 1310 que
165 1236 325 1292 revocatus
351 1238 465 1291 vestem
493 1232 593 1294 fratris
622 1251 687 1293 eam
710 1231 816 1310 ipsam,
845 1249 922 1310 quae
944 1229 975 1290 in
1003 1229 1078 1292 sella
1099 1229 1201 1310 posita
1228 1231 1335 1306 tuerat,

76 1326 219 1395 induitur.
255 1321 327 1388 ¹⁴Et
347 1326 500 1407 Meleager
521 1329 644 1390 thorace
664 1334 785 1407 sumpto
805 1325 886 1406 capit
906 1345 997 1402 arma,
1018 1327 1090 1389 novi
1109 1326 1189 1406 regis
1206 1326 1336 1389 satelles.

75 1424 219 1503 Sequitur
239 1424 377 1503 phalanx,
396 1423 488 1486 hastis
510 1422 628 1503 clipeos
651 1424 796 1504 quatiens,
820 1422 976 1502 expletura
994 1443 1028 1484 se
1046 1423 1190 1502 sanguine
1205 1422 1334 1498 illorum,

77 1519 130 1600 qui
152 1522 359 1582 affectaverant
377 1519 449 1580 nihil
471 1522 508 1582 ad
529 1521 614 1600 ipsos
636 1522 789 1601 pertinens
809 1538 943 1598 regnum.
976 1513 1040 1579 ¹⁵ln
1060 1519 1164 1584 eadem
1181 1519 1272 1580 domo
1292 1519 1335 1579 ls-

74 1615 215 1697 miliaque
241 1617 359 1696 imperii
385 1615 465 1677 vires
488 1634 679 1678 remansuras
709 1636 775 1678 esse
801 1616 985 1696 gaudebaut3
1012 1615 1222 1678 hereditarium
1241 1617 1336 1696 impe·-

75 1710 153 1772 rium
174 1713 298 1792 stirpem
323 1712 437 1792 regiam
464 1711 694 1788 vindicaturam
726 1719 864 1774 assuetos
884 1730 951 1773 esse
970 1730 1081 1773 nomen
1105 1711 1205 1791 ipsum
1232 1715 1335 1777 colere

74 1809 280 1889 venerarique,
301 1830 357 1872 nec
380 1829 558 1891 quemquam
578 1809 609 1869 id
630 1828 749 1890 capere,
771 1806 829 1869 nisi
849 1808 990 1886 genitum,
1012 1813 1047 1869 ut
1069 1817 1217 1888 regnaret.

96 1985 99 1990 .
160 1906 279 1967 XXIV.
312 1902 437 1986 1⁶1gitur
456 1906 602 1967 Perdicca
622 1906 753 1980 territus,
776 1904 930 1981 conclave,
949 1905 980 1966 in
1003 1924 1064 1985 quo
1082 1905 1247 1969 Alexandri
1267 1925 1335 1968 cor-

74 2018 134 2078 pus
155 2000 279 2078 iacebat,
303 2001 438 2064 obserari
463 2002 551 2064 iubet
597 2001 737 2064 Sexceuti
763 2022 831 2064 cum
860 2001 928 2082 ipso
959 2009 1044 2064 erant
1073 2009 1225 2082 spectatae
1243 2005 1336 2064 virtu-

74 2096 129 2157 tis:
160 2099 349 2160 Ptolemaeus
378 2119 499 2178 quoque
533 2119 567 2160 se
592 2100 768 2160 adiunxerat
795 2097 823 2158 ei
848 2117 1072 2179 puerorumque
1101 2099 1185 2178 regis
1215 2101 1335 2162 cohors.

73 2187 99 2231 ¹⁷
111 2193 253 2254 Ceterum
283 2195 362 2254 haud
383 2194 544 2254 difficulter
571 2213 589 2254 a
615 2201 660 2254 tot
680 2194 799 2254 milibus
820 2200 1001 2255 armatorum
1027 2193 1158 2256 claustra
1184 2197 1336 2276 perfracta

73 2295 153 2352 s'unt.
198 2290 235 2349 Et
254 2309 308 2350 rex
330 2309 450 2370 quoque
472 2289 619 2369 irruperat
638 2290 764 2367 stipatus
786 2288 948 2350 satellitum
972 2289 1068 2363 turba,
1096 2311 1227 2372 quorum
1252 2293 1336 2372 prin·

74 2406 149 2465 ceps
178 2386 337 2465 Meleager.
378 2381 563 2466 ¹⁸lratusque
592 2383 738 2444 Perdicca
757 2385 822 2460 hos,
852 2385 905 2465 qui
924 2384 1089 2446 Alexandri
1116 2408 1229 2467 corpus
1257 2393 1335 2453 tueri

74 2483 195 2556 vellent,
223 2491 361 2544 sevocat:
390 2482 444 2542 sed
470 2481 521 2562 qui
547 2481 725 2558 irruperant,
755 2480 870 2542 eminus
899 2481 959 2543 tela
989 2482 1021 2541 in
1049 2482 1148 2561 ipsum
1177 2482 1334 2550 incubant

73 2579 237 2660 Multisque
260 2577 430 2654 vulneratis,
457 2577 574 2638 tandem
595 2576 731 2639 seniores
749 2577 878 2657 demptis
905 2578 1005 2658 galeis,
1022 2598 1091 2660 ,quo
1113 2579 1230 2642 facilius
1247 2583 1335 2646 uosoi

74 2683 207 2755 possent,
229 2677 357 2755 precari,
377 2674 429 2756 qui
450 2694 520 2735 cum
540 2673 685 2735 Perdicca
704 2681 799 2749 erant,
824 2693 963 2754 coepere,
990 2682 1024 2736 ut
1043 2674 1224 2738 absisterent
1240 2677 1335 2754 hello,

75 2773 199 2854 regique
223 2780 253 2834 et
274 2773 412 2852 pluribus
429 2772 579 2833 cederent.
622 2764 771 2846 ¹⁰Primus
789 2770 935 2832 Perdicca
950 2791 1035 2834 arma
1055 2771 1209 2852 deposuit;
1228 2774 1334 2836 ceteri-

75 2889 134 2950 que
157 2869 235 2930 idem
255 2872 364 2932 secere.
410 2867 562 2947 Meleagro
594 2867 703 2929 deiude
729 2867 882 2942 suadente,
910 2888 948 2928 ne
974 2887 1144 2948 acorpore
1171 2867 1334 2936 Alexandri

76 2967 274 3043 discederent,
298 2965 413 3028 insidiis
431 2965 535 3026 locum
558 2965 660 3046 quaeri
680 2964 744 3042 rati,
775 2964 892 3026 diversa
911 2963 1013 3044 regiae
1033 2972 1119 3044 parte
1139 2965 1179 3027 ad
1198 2967 1334 3047 Euphra·

75 3185 150 3246 Conj.
187 3185 348 3235 Ausserdem
375 3197 432 3234 war
459 3182 549 3234 bisher
577 3183 771 3248 interpungirt:
796 3190 933 3250 suceptor
959 3181 1040 3234 retur
1066 3183 1160 3235 aetatis
1182 3185 1334 3252 προπίω»-

75 3259 135 3300 tur:
159 3252 231 3300 risorio
249 3268 272 3301 u.
292 3267 314 3302 s.
335 3266 366 3301 W.
401 3249 567 3316 sibimetipsis
596 3253 660 3315 geht
678 3253 726 3302 aul
740 3253 871 3315 Meleager
891 3253 947 3305 und
971 3253 1070 3305 dassen
1088 3253 1206 3318 Anhang.
1226 3280 1258 3291 -
1290 3253 1331 3317 10,

74 3318 116 3381 23,
139 3318 176 3369 11.
195 3318 371 3367 luxuriat.
397 3321 421 3367 S.
441 3321 492 3368 Liv.
515 3318 536 3381 1,
560 3317 598 3382 19,
618 3316 645 3368 d:
669 3335 701 3368 ne
722 3318 993 3368 luxuriarentur
1019 3321 1070 3368 otio
1091 3320 1176 3384 animi,
1198 3337 1260 3387 quos
1277 3339 1333 3372 me-

76 3395 116 3436 tus
136 3387 243 3435 hostiurn
263 3384 449 3453 disciplinaque
465 3385 586 3436 militaris
604 3388 773 3436 continuerat.
794 3385 818 3448 0,
836 3383 877 3448 18,
899 3385 930 3437 3:
948 3388 1030 3454 questi
1049 3387 1158 3454 quidam,
1176 3389 1256 3438 nimia
1271 3389 1331 3456 glo-

74 3456 118 3503 ria
138 3454 317 3503 luxuriare
338 3461 362 3501 et
384 3469 531 3502 manescere
549 3454 659 3505 vividum
677 3454 803 3520 quondam
820 3453 888 3503 illud
908 3454 1026 3504 Caesaris
1045 3455 1172 3521 ingenium

144 3545 182 3607 10,
199 3544 240 3607 03,
261 3544 298 3596 tu.
336 3544 429 3604 Quem
454 3553 665 3610 spreverant.
687 3547 725 3596 F.:
751 3554 1000 3612 quarnsperaeerat.
1033 3548 1081 3597 Dia
1101 3560 1185 3610 ganzo
1204 3548 1333 3602 sterteret

76 3617 101 3662 iu
117 3615 265 3676 Beziehung
286 3613 333 3662 aul
349 3613 400 3662 den
419 3613 575 3662 Fortschritt
592 3615 640 3664 der
657 3615 797 3677 Handlung
814 3615 914 3664 unllar.
934 3642 962 3652 -
987 3612 1028 3676 10,
1046 3611 1087 3674 13,
1107 3611 1148 3667 u.
1173 3613 1200 3663 N
1207 3615 1260 3665 osi
1275 3633 1332 3666 re-

71 3682 125 3746 gis
148 3681 304 3738 satelles.
339 3680 510 3745 Sequitur.
548 3682 621 3731 Nach
642 3682 729 3744 Conj.;
756 3682 796 3731 P.:
815 3683 923 3747 novique
942 3682 1008 3748 repis
1030 3681 1133 3732 satelles
1154 3683 1277 3748 sequitur.
1299 3712 1330 3721 -

73 3747 264 3817 expletura.
286 3750 323 3800 l'.:
344 3745 511 3814 expleturum.
533 3775 561 3784 —
594 3755 746 3798 assuetos
767 3765 843 3799 esse.
865 3751 907 3799 F.:
928 3756 1042 3800 assuetos
1060 3765 1094 3798 se.

144 3839 185 3899 10,
202 3837 242 3902 24,
264 3836 302 3889 16.
340 3837 515 3888 Obserari.
548 3840 620 3889 uach
637 3841 725 3900 Geni-3
754 3839 797 3889 P:
818 3839 1012 3890 adseruari—
1046 3839 1087 3900 10,
1105 3837 1147 3901 ld,
1167 3838 1206 3891 17.
1233 3837 1258 3888 Α
1280 3847 1332 3890 tot

72 3906 224 3960 mitibus.
257 3908 381 3956 Mochten
400 3908 469 3957 auch
489 3908 556 3957 vieta
574 3907 713 3957 Tausende
738 3906 786 3956 aut
805 3907 854 3956 der
871 3910 943 3958 Seite
968 3909 1016 3960 des
1037 3910 1167 3970 Meleager
1191 3908 1258 3966 sein,
1282 3909 1332 3961 der

74 3977 215 4025 Ausdruck
235 3978 268 4025 ist
288 3977 356 4024 doch
376 3975 449 4024 nicht
464 3988 530 4037 ganz
550 3988 740 4038 angamesscn:
763 3974 833 4024 donn
854 3977 903 4026 das
915 3977 1072 4026 Hinderniss
1087 3977 1193 4035 lunate,
1215 3975 1264 4024 der
1276 3976 1331 4025 Na-

75 4048 119 4093 tur
139 4044 187 4094 des
207 4043 302 4093 Lokals
320 4043 395 4103 nach,
424 4043 520 4091 immer
542 4057 593 4092 nur
614 4055 667 4092 von
686 4043 822 4104 wrangon,
845 4044 889 4095 dis
913 4044 962 4094 der
978 4044 1063 4093 naum
1090 4041 1179 4103 iasste,
1207 4040 1332 4106 heseitigt

72 4112 190 4161 werden.
216 4111 444 4170 Derachdruck,
467 4110 519 4159 den
537 4111 611 4160 diese
629 4110 714 4159 durch
733 4110 776 4159 die
793 4110 882 4160 hinter
899 4110 979 4160 ihnen
1000 4109 1208 4172 andriingauden
1226 4109 1331 4160 Msssen

73 4179 193 4228 erhalten
216 4177 304 4240 haben
323 4177 457 4236 mochteu,
485 4178 555 4227 laun
579 4178 636 4228 hier
659 4177 733 4227 nicht
759 4176 827 4227 eben
854 4178 881 4227 in
907 4177 1030 4227 Batracht
1053 4177 1187 4227 hommem
1223 4176 1331 4228 Curtius

72 4247 162 4295 wollte
180 4245 320 4309 jedentails
345 4244 430 4294 durch
457 4244 531 4294 diese
549 4245 691 4308 Wsudung
716 4257 768 4294 nur
791 4244 835 4295 dis
852 4257 947 4308 grossa
964 4245 1051 4296 Musae
1071 4245 1120 4295 der
1137 4245 1242 4307 Gegner
1262 4257 1331 4294 ver-

72 4314 226 4364 sinnlichen.
246 4339 275 4348 —
301 4311 477 4378 princeps.
500 4311 540 4360 F.:
555 4311 675 4378 princeps
695 4317 759 4360 erat
838 4342 844 4358 .

143 4402 182 4465 10,
202 4401 246 4464 ut,
266 4401 306 4454 18.
336 4400 561 4451 Absisterent.
583 4402 625 4450 Fa
646 4398 808 4451 abstinerent.
838 4401 920 4450 Daldr
939 4400 1043 4464 spricht
1058 4401 1107 4451 der
1126 4401 1332 4466 itherviegende

72 4471 213 4522 Gebrauch
231 4473 280 4522 des
303 4471 408 4520 Livius:
433 4482 464 4520 so
481 4466 523 4530 01,
542 4464 566 4530 6,
586 4464 617 4517 8:
653 4465 732 4532 kgati
747 4466 819 4517 missi
837 4466 978 4584 qupuotum
1004 4466 1040 4517 ad
1062 4467 1232 4518 Hannibalern
1255 4476 1332 4535 atque

71 4538 131 4589 inde
149 4538 343 4606 Karthaqim,
362 4536 385 4586 si
404 4552 455 4586 uon
476 4535 714 4586 absisteretur*
727 4533 828 4596 hello,
901 4533 989 4585 duem
1007 4535 1090 4602 ipsam
1106 4534 1135 4585 in
1148 4550 1256 4604 parnasi
1272 4538 1331 4601 sos-

72 4605 142 4657 derir
156 4606 228 4675 nepa
243 4604 431 4673 deposeasduu.
453 4601 612 4668 31,17,10:
627 4601 691 4655 adro
707 4602 879 4672 pertinaciter
896 4610 1081 4670 pugnamnt,
1097 4611 1126 4656 ut
1139 4632 1167 4644 -
1183 4621 1231 4656 rea
1247 4605 1330 4672 prior,
