2820 4964
597 40 629 79 ᾖ.

120 244 298 312 1v.xx11.
320 249 369 310 11.
394 246 441 306 m.
462 193 581 305 xxm.
605 243 741 305 13418.
765 240 881 304 xxiv.
900 243 1037 338 [ro-na.
1058 241 1160 311 xxv.
1177 248 1205 310 1.
1226 224 1320 313 tter

141 417 260 479 XXIV.
300 410 326 454 ¹⁹
335 415 429 475 Forte
450 410 649 487 Aristonicus,
675 408 952 488 Methymnaeorum
975 418 1217 491 tyrannusnon
1237 417 1317 496 pira-

57 513 125 577 ticis
138 514 272 589 navibus,
285 510 407 590 ignarus
424 509 566 585 omnium,
588 527 664 589 quae
681 506 762 586 apud
776 506 884 567 Chium
902 514 971 569 aeta
987 515 1081 583 erant,
1099 510 1196 589 prima
1215 513 1317 592 vigilia

57 611 97 672 ad
117 616 226 692 portus
247 608 377 671 claustra
397 605 558 681 successit,
584 605 886 684 interrogatusqnea
914 604 1103 682 custodibus,
1131 608 1198 690 quis
1228 616 1317 688 asset

57 705 263 768 Aristonicum
280 704 319 765 ad
339 702 564 790 Pharnabazum
581 698 684 761 venire
704 698 869 778 respondit.
900 695 931 741 ²⁰
939 701 988 762 llli
1007 697 1317 790 Pharnabaznmqili-

58 802 206 864 damiam
227 800 384 882 quiescere
404 803 435 860 et
455 816 517 859 non
539 816 631 877 posse
651 802 715 857 tum
736 795 820 871 adiri,
844 802 978 858 ceterum
995 803 1099 879 patere
1120 799 1207 862 socio
1228 809 1318 885 atque

58 899 172 979 hospiti
184 903 316 978 portum,
338 900 369 955 et
388 899 514 972 postera
534 893 582 953 die
592 891 777 977 Pharnabazi
797 893 915 972 copiam
937 893 1004 955 fore
1022 896 1178 958 affirmant
1218 894 1319 963 ²¹Nec

59 993 208 1056 dubitavit
228 989 418 1051 Aristonicus
439 988 555 1068 primus
576 989 696 1064 intrare,
719 989 838 1070 sequuti
856 996 926 1050 snut
947 989 1054 1052 ducem
1074 991 1192 1071 piratici
1212 995 1318 1058 lembi:

59 1112 97 1152 ac
112 1091 184 1150 dnm
197 1085 350 1166 applicant
360 1084 477 1164 navigia
487 1083 763 1167 crepidipiportus,
783 1085 925 1148 obiicitur
944 1107 962 1147 a
983 1088 1123 1168 uigilibus
1146 1089 1318 1172 claustrum,
1337 1102 1405 1187 tf„

61 1193 94 1247 et
117 1185 169 1267 qui
192 1180 322 1263 proximi
352 1180 555 1256 excubabant,
576 1182 613 1243 ab
645 1181 751 1243 iisdem
779 1181 960 1244 excitantur:
987 1185 1072 1247 nullo
1103 1204 1141 1248 ex
1174 1187 1220 1248 his
1243 1208 1319 1253 anso

61 1298 240 1362 repugnare,
261 1276 400 1339 omnibns
412 1282 534 1340 catenae
551 1278 678 1341 iniectae
699 1285 783 1352 sunt;
802 1279 990 1357 Amphotero
1011 1282 1320 1364 deindellsgelocho-

60 1396 122 1459 qne
145 1375 311 1437 traduntur.
350 1367 378 1411 ²²
386 1373 464 1436 llinc
490 1376 675 1437 Macedones
702 1375 848 1436 transiere
878 1373 1056 1453 Mitylenen,
1085 1399 1174 1459 qnam
1204 1380 1320 1446 Chares

59 1471 250 1536 Atheniensis
271 1489 369 1549 nuper
396 1476 576 1548 occupatam
597 1471 726 1531 duorum
746 1469 861 1530 milium
883 1471 1040 1532 Persarum
1066 1475 1219 1552 praesidio
1240 1485 1321 1540 tene-

60 1572 127 1632 bat:
157 1569 211 1631 sed
240 1587 334 1650 quum
358 1565 546 1628 obsidionem
568 1565 699 1627 tolerare
719 1584 781 1626 non
806 1571 926 1643 posset,
955 1566 1031 1627 urbe
1053 1569 1176 1648 tradite,
1203 1580 1319 1653 pactus,

23 1745 31 1759 Ι
61 1675 96 1729 ut
128 1664 272 1727 incolumi
305 1663 390 1724 abire
424 1661 549 1736 liceret,
593 1661 724 1724 Imbrum
760 1662 843 1741 petit
888 1660 1007 1723 Deditis
1045 1662 1229 1729 Macedones
1266 1689 1319 1750 pe

51 1769 230 1844 percemnt

57 1968 66 1979 ,
144 1925 251 1986 XXV.
301 1921 347 1969 ΨΜ
357 1926 474 1985 Dareus
495 1921 655 2001 desperata
680 1941 772 2002 pace,
804 1941 892 2004 qnam
920 1943 976 2003 per
1004 1925 1116 1988 litteras
1141 1926 1320 2012 legatosque

62 2022 216 2104 impetrari
236 2039 328 2100 posse
349 2019 528 2094 crediderat,
561 2018 599 2078 ad
620 2017 803 2098 reparandas
822 2019 902 2082 vires
922 2020 1095 2104 bellumque
1119 2020 1247 2105 impigre
1274 2046 1321 2094 re-

61 2120 235 2188 novandum
257 2114 383 2176 intendit
405 2115 542 2176 animum.
595 2109 718 2177 ²Duces
741 2134 814 2194 ergo
842 2117 999 2196 copiarum
1020 2118 1217 2199 Babyloniam
1249 2142 1321 2185 con-

61 2215 182 2288 venite,
204 2215 330 2272 Bessum
351 2228 489 2289 quoque,
508 2208 736 2271 Bactrianorum
756 2217 941 2290 praetorem,
960 2233 1048 2295 quam
1066 2217 1196 2280 maximo
1216 2225 1321 2298 posset

132 2489 215 2555 414,
236 2489 274 2541 19.
311 2489 412 2558 Apud
439 2490 559 2542 Chium.
585 2493 628 2544 B:
652 2493 688 2543 ad
711 2491 808 2544 Chium.
843 2492 922 2561 Apud
943 2498 1015 2546 steht
1039 2499 1097 2548 hier
1123 2500 1149 2546 in
1177 2500 1226 2549 der
1248 2512 1321 2551 zwar

63 2564 192 2622 seltenen,
215 2558 280 2610 eber
299 2561 377 2623 vollig
395 2560 501 2611 sichern
518 2561 688 2627 Bedeutnng:
715 2575 749 2612 an
773 2565 861 2613 einem
878 2564 948 2623 Orte,
975 2566 1026 2615 wie
1048 2564 1092 2615 bei
1109 2566 1191 2616 Tacit.
1217 2580 1277 2617 ann.
1299 2566 1321 2629 1,

62 2631 80 2682 5
99 2630 160 2680 fin:
182 2643 262 2693 neque
280 2628 343 2676 satir
363 2635 517 2694 compertum
536 2629 736 2694 conspirantem
753 2629 838 2678 adbuc
857 2626 999 2694 Aupustum
1017 2631 1105 2696 apud
1121 2630 1235 2683 urbem
1251 2632 1279 2684 Ν
1282 2646 1322 2684 e-

65 2698 129 2749 tum
149 2699 218 2758 (Tac.
236 2696 271 2746 ib.
288 2695 310 2758 1,
330 2694 347 2745 9
365 2710 390 2745 u.
407 2697 517 2747 Sueten.
537 2699 629 2748 Octav.
646 2695 695 2748 98:
715 2695 846 2762 Nolae),
867 2712 907 2745 uu
925 2699 1108 2748 exanimem
1132 2702 1321 2764 repererit.

64 2771 100 2818 So
120 2765 162 2816 bei
184 2765 303 2822 Stantem
321 2765 408 2814 Inseln
435 2778 460 2814 u.
480 2765 611 2815 Lendern.
638 2791 667 2801 -
691 2770 817 2830 portus
841 2762 1011 2812 claustra.
1048 2768 1073 2816 S.
1090 2764 1221 2817 Ammian.
1243 2770 1322 2818 Marc.

63 2831 108 2894 26,
128 2830 161 2884 8:
176 2837 395 2895 propugnatorum
410 2828 529 2878 sollmtia
548 2829 738 2879 claustrum
755 2845 803 2894 per
828 2836 987 2879 catenum
1008 2830 1156 2895 ferreum
1178 2831 1254 2883 ualde
1275 2851 1323 2884 ro-

65 2901 164 2952 bustam
184 2897 372 2960 aripertus
392 2895 523 2954 incertum,
541 2911 616 2960 quae,
635 2910 666 2943 ne
681 2903 812 2945 rostratae
831 2897 961 2946 irruerem
979 2912 1056 2948 nuces
1075 2898 1189 2962 hostiles,
1205 2909 1264 2951 erut
1279 2900 1323 2953 al·

65 2970 189 3020 uumerus
209 2962 340 3029 colliquta.

133 3123 157 3187 4,
174 3121 216 3186 nl,
235 3120 276 3172 Ml.
313 3119 355 3169 Et
373 3135 445 3169 non.
480 3118 564 3171 Dabei
591 3120 648 3170 tritt
668 3119 717 3170 der
734 3119 832 3184 Begritf
854 3122 903 3173 der
918 3124 1054 3187 Negation,
1081 3125 1137 3175 und
1162 3139 1235 3178 zwar
1252 3129 1324 3178 mei-

66 3199 141 3248 stens
157 3195 185 3242 in
195 3190 345 3252 Beziehnng
361 3188 409 3238 aul
423 3187 472 3238 das
486 3187 607 3251 lolgende
622 3188 707 3248 Wort‚
724 3190 772 3239 mit
784 3190 860 3242 mehr
872 3190 1094 3255 Selbstendigkeit
1110 3193 1216 3245 hervor.
1236 3196 1324 3260 Vergl.

67 3260 91 3326 4,
110 3258 152 3323 AB,
169 3258 219 3310 30:
241 3256 389 3323 inperauiase
410 3254 487 3303 etiam
501 3253 680 3304 Alexandrum
697 3256 775 3305 morti
794 3264 825 3307 et
843 3274 907 3307 non
921 3258 1027 3324 parcius
1045 3259 1152 3323 βωίιω,
1172 3277 1249 3328 qua„
1270 3263 1325 3328 ζμ,

67 3329 225 3380 hfflmarel·
242 3324 269 3385 7,
289 3323 315 3384 5,
334 3322 376 3376 36·
393 3322 419 3382 9,
439 3319 479 3384 19,
497 3320 519 3372 2.
559 3323 620 3373 Tum
635 3325 660 3372 in
680 3323 784 3373 deror.
803 3326 880 3376 indlr.
903 3326 944 3376 liin
960 3341 1036 3390 nuno.
1057 3355 1085 3364 -
1113 3336 1260 3394 postera.
1281 3331 1325 3381 F.:

64 3405 176 3464 mm·
195 3397 221 3444 s·
240 3408 273 3442 ²¹¹
289 3389 314 3455 δ’
330 3388 372 3454 ⁴3²
390 3388 431 3439 27·
450 3417 481 3427 ““
502 3388 722 3440 flammi
738 3391 874 3456 copiam
892 3394 976 3456 sore.
1007 3396 1033 3446 s.
1052 3397 1134 3447 Tacit.
1153 3410 1214 3447 ann.
1235 3395 1275 3459 11,
1294 3395 1324 3448 2:

65 3462 250 3581 nequevdata
272 3467 374 3576 {enatus
388 3457 620 3590 'csqbpipmcqe‘s
638 3457 781 3574 ίῗῖΙιΙΜοιᾶι
796 3457 825 3575 td,
848 3458 893 3511 15:
923 3459 988 3510 aelle
1004 3477 1032 3512 aa
1055 3461 1175 3513 maximia
1197 3462 1228 3514 de
1250 3462 1326 3515 aba,

67 3551 125 3584 cram
164 3545 253 3580 assare
283 3543 352 3594 oque,
372 3543 395 3577 sa
425 3544 435 3575 a
500 3543 510 3574 a
617 3543 632 3575 c
773 3543 786 3576 ρ
811 3543 859 3576 Μ,

135 3686 160 3752 s,
178 3685 219 3749 at,
238 3684 280 3736 nr.
319 3683 505 3750 creptum.
545 3682 653 3751 arque
676 3689 766 3750 portas
794 3668 865 3734 rann
895 3685 996 3736 sewen
1021 3685 1170 3739 insitione
1195 3690 1246 3740 wia
1271 3703 1326 3741 na-

69 3759 181 3810 tnrliche
198 3755 354 3816 Einlassung
370 3753 418 3802 des
439 3751 537 3802 Hatens
553 3754 619 3804 sein.
640 3753 726 3816 Vergl.
748 3752 821 3802 curt.
841 3748 866 3814 5,
882 3747 907 3812 4,
927 3747 976 3801 28:
992 3750 1327 3822 Euphrates—muana

67 3824 167 3877 mulir
186 3817 423 3889 crepidinibus
451 3826 589 3869 caecetur.
625 3821 750 3884 Dagegen
769 3819 854 3870 Valet.
874 3818 960 3879 Flauo.
980 3823 1079 3884 Argon.
1098 3817 1122 3882 4,
1140 3817 1181 3873 lt.
1200 3819 1247 3874 45:
1273 3822 1326 3888 tirr-

68 3902 126 3951 ctur
144 3891 177 3943 ab
195 3888 358 3942 undisoni
384 3902 430 3936 ceu
448 3887 518 3950 sorte
542 3887 720 3953 crepidine
743 3887 824 3936 suci
850 3884 932 3948 Quaem
951 3887 1024 3954 rupit
1047 3885 1194 3954 Haleyaues
1218 3890 1327 3941 mnae

62 3963 212 4028 sertumque
235 3957 371 4022 laremque.
402 3982 431 3992 -
457 3953 665 4004 excitantur.
696 3955 817 4005 Oudend.
844 3951 1033 4016 adflentd,
1054 3951 1142 4017 141:
1169 3957 1328 4008 accitura

67 4027 198 4146 oe
212 4042 264 4142 r
549 4086 1086 4141 ..
1123 4021 1327 4148 anuis

67 4104 306 4229 lillzliaapdsmstuder
323 4104 574 4223 bekannteelmliegrrn
588 4172 641 4209 von
661 4129 845 4221 accubare,
864 4157 913 4208 aut
926 4127 1034 4210 WAche'
1047 4130 1113 4212 sein.
1138 4131 1223 4226 lter-gl.
1243 4129 1267 4224 o‘,
1284 4157 1325 4223 et,

70 4230 112 4284 17.
133 4229 157 4295 8,
173 4229 197 4294 5,
213 4227 254 4280 49.
274 4226 298 4290 8,
317 4224 357 4290 ⁸21,
378 4223 402 4276 3.
423 4222 464 4288 28,
485 4223 526 4277 Ὦ.
546 4254 575 4263 -
597 4224 705 4276 nullo.
729 4225 768 4276 B:
787 4224 915 4292 nulloque.

138 4387 164 4450 4,
183 4385 227 4449 25,
245 4386 269 4437 1.
307 4384 443 4435 Dareus.
479 4384 506 4435 c.
534 4386 629 4434 nimmt
648 4384 706 4435 hier
724 4383 776 4434 den
795 4383 883 4434 Fnden
910 4383 1123 4450 der-Erztblnng
1146 4385 1248 4437 wieder
1273 4386 1327 4446 aut,

70 4460 162 4512 indam
182 4471 213 4507 er
236 4470 270 4506 zu
290 4455 351 4505 dem
370 4453 489 4504 Resultat
504 4452 562 4503 dai-¹
578 4448 602 4514 4,
620 4449 653 4501 el
674 4452 842 4515 gemeldeten
862 4452 1069 4503 Gesandtschalt
1089 4454 1276 4506 zurhehkehrt
1297 4481 1325 4490 -

70 4525 96 4589 4,
114 4524 159 4588 95,
179 4522 205 4574 2.
232 4519 466 4586 Babylonium.
487 4520 604 4571 Abdere:
623 4517 788 4584 Babylonem
809 4516 1212 4584 tenatormharn.n.nrv.38,
1227 4519 1266 4585 17,
1288 4520 1327 4572 11.

69 4599 96 4646 S.
116 4597 144 4646 C.
154 4592 179 4656 5,
191 4589 216 4652 6,
226 4588 267 4641 45.
279 4587 304 4653 4,
314 4586 390 4652 35,B.
400 4585 425 4650 4,
435 4584 506 4650 60,7.
518 4585 542 4649 5,
558 4585 582 4647 1,
595 4584 643 4650 7.b,
654 4585 681 4648 3,
693 4584 732 4637 17.
748 4583 1128 4652 -Buctr.pruetorern‚
1145 4603 1329 4654 quarnaco-

69 4681 90 4714 e
97 4663 168 4713 iaec.
196 4659 269 4710 Mach
284 4659 372 4720 Conj.;
385 4657 425 4707 m:
436 4653 467 4706 B.
478 4654 566 4707 ducem
574 4670 702 4723 perquam
708 4669 779 4707 mue.
794 4652 922 4720 Parum
932 4656 983 4707 mit
991 4655 1053 4709 dem
1064 4657 1167 4766 Superi.
1177 4656 1262 4713 findet
1272 4658 1329 4709 sich
