2820 4964
116 181 181 245 aaa
582 186 622 266 o.
646 184 787 247 cuaru
807 185 905 249 naar

118 351 342 429 supradictum
364 358 418 429 est,
441 353 562 415 miserat
582 354 621 415 ad
640 355 839 418 obsidendum
858 355 1070 434 Spitamenen,
1094 351 1272 415 bactrianae
1302 356 1376 417 daie

119 447 227 510 ctiouis
250 457 411 511 auctorem.
455 451 523 530 Qui,
545 458 702 531 comperto
723 453 818 514 hostis
839 452 979 528 adventu,
1002 470 1041 511 ue
1062 449 1157 511 muris
1177 450 1266 511 urbis
1289 452 1376 514 inclu-

119 544 248 621 deretur,
276 545 364 607 simul
383 547 478 608 trahas
497 549 596 627 excipi
615 569 717 628 posse,
745 568 803 629 qua
825 554 984 609 venturum
1004 546 1128 624 sciebat,
1157 549 1304 610 consedit
1331 569 1376 611 oc-

118 655 224 717 cultus.
259 645 287 690 ³²
295 648 439 709 Silvestre
460 646 517 705 iter
543 650 646 724 aptum
675 643 790 705 insidiis
819 645 955 722 tegendis
979 650 1058 704 erat:
1088 643 1132 703 ibi
1152 645 1263 706 Dahas
1280 646 1376 707 coadi-

118 754 168 813 dit.
210 749 288 830 Equi
308 746 396 806 biuos
416 748 546 803 armatos
566 741 687 815 vehunt,
716 760 845 819 quorum
863 741 991 801 irrvicem
1012 739 1124 819 singuli
1148 746 1282 819 repente
1307 741 1376 803 desi

115 850 205 909 liunt:
224 843 372 926 equestris
392 858 509 918 pugnae
530 835 665 897 ordinem
686 836 812 900 turbant
856 838 1012 917 Equorum
1032 835 1189 897 velocitati
1210 857 1272 916 par
1287 828 1375 901 homi

117 962 188 1005 num
210 940 379 1021 pernicitas.
415 931 513 995 3³llos
535 932 723 1010 Spitamenes
742 933 850 994 saltum
871 933 1029 994 circumire
1049 932 1150 993 iussos
1171 934 1294 1012 pariter
1315 944 1343 996 et
1360 955 1375 994 a

116 1043 214 1102 fronte
234 1044 264 1098 et
283 1057 300 1096 a
317 1042 403 1112 tergo
424 1033 503 1092 hosti
523 1029 662 1091 ostendit.
700 1022 928 1090 ³⁴hlenedemus
948 1029 1080 1109 undique
1101 1028 1251 1106 inclusus,
1273 1050 1313 1093 ue
1329 1051 1374 1092 nu·

115 1154 200 1196 mero
227 1132 346 1211 quidem
365 1149 431 1208 par,
462 1128 513 1188 diu
541 1132 639 1187 mareu
668 1126 789 1200 resistit,
815 1125 976 1201 clamitans,
1009 1125 1083 1185 nihil
1104 1124 1189 1186 aliud
1218 1146 1374 1206 superesse

114 1232 253 1292 locorum
280 1227 386 1287 fraude
413 1223 555 1302 deceptis,
583 1242 672 1301 quam
701 1223 845 1282 honestae
875 1221 980 1283 mortis
1007 1222 1148 1284 solatium
1181 1241 1221 1283 ex
1250 1224 1374 1285 hostiurn

115 1328 216 1388 caede.
256 1319 393 1401 ³⁵lpsum
416 1318 592 1398 praevalens
610 1337 706 1398 equus
726 1318 861 1393 vehebat,
889 1337 950 1397 quo
975 1319 1097 1399 saepius
1119 1318 1150 1379 in
1172 1339 1295 1382 cuneos
1317 1320 1375 1381 bar·

113 1424 257 1484 berorum
276 1418 377 1479 effusis
400 1415 523 1475 habenis
543 1421 664 1475 evectus
687 1434 793 1493 magna
814 1420 913 1491 strage
932 1433 985 1475 eos
1006 1414 1133 1476 suderat.
1167 1410 1273 1479 ³⁶Sed
1291 1437 1374 1498 quum

114 1538 206 1580 unum
231 1534 335 1577 ornnes
356 1517 502 1592 peterent,
531 1509 634 1571 multis
655 1509 829 1571 vulneribus
858 1509 1016 1587 exsanguis
1037 1510 1208 1589 Hypsidem
1230 1514 1374 1593 quendam

114 1636 152 1677 ex
173 1613 275 1674 amicis
295 1614 430 1672 hortatus
450 1614 504 1682 cst,
533 1612 566 1667 ut
586 1606 617 1665 iu
640 1626 750 1685 equum
768 1625 858 1667 suum
881 1606 1057 1667 ascenderet
1079 1614 1164 1668 etse
1187 1609 1265 1688 iuga
1286 1611 1373 1688 eripe

114 1718 169 1772 ret.
212 1711 293 1769 llaec
313 1710 450 1785 agentem
471 1703 568 1763 anima
593 1701 712 1777 deiecit,
738 1721 911 1782 corpusque
936 1722 973 1762 ex
1002 1722 1082 1783 equo
1109 1704 1239 1766 defluxit
1268 1707 1302 1765 in
1323 1712 1372 1766 tar-

113 1829 187 1869 ram.
226 1799 408 1882 ³⁷Hypsides
428 1805 548 1878 poterat
567 1799 686 1877 quidem
709 1799 847 1876 effugere,
872 1798 927 1858 sed
952 1798 1063 1859 amisso
1093 1799 1194 1862 amico
1220 1802 1305 1862 mori
1324 1809 1368 1863 sa

113 1905 178 1967 tuit.
222 1904 286 1962 Una
309 1904 373 1959 erat
400 1916 481 1969 cura,
508 1914 546 1955 ne
575 1894 687 1955 inultus
714 1895 874 1956 occideret.
917 1896 1019 1975 ltaque
1052 1895 1182 1958 subditis
1208 1897 1371 1959 calcaribus

114 2019 201 2081 equo,
228 1999 259 2058 in
278 1995 395 2055 medios
417 1994 519 2052 hostes
538 2009 570 2051 se
592 1990 722 2067 immisit,
750 1995 780 2052 et
799 1990 985 2050 memorabili
1006 1992 1087 2052 edita
1116 2013 1222 2072 pugna
1251 1994 1370 2055 obrutus
1409 1983 1410 2014 ἶ

114 2098 180 2158 telis
202 2101 255 2156 est.
285 2088 314 2130 ³⁸
324 2090 416 2167 Quod
438 2088 490 2148 ubi
504 2087 615 2163 videre,
638 2088 690 2166 qui
713 2086 798 2147 caedi
812 2093 996 2165 supererant,
1017 2088 1163 2149 tumulum
1177 2090 1276 2168 paulo
1291 2108 1370 2170 quaa
1409 2081 1410 2084 ¹

114 2201 215 2255 cetera
234 2190 392 2251 editiorem
411 2185 547 2263 capiunt3
577 2202 655 2262 quos
676 2182 864 2262 Spitamenes
883 2184 960 2243 fame
982 2184 1013 2244 in
1033 2184 1219 2246 deditionem
1237 2188 1369 2248 subactu

113 2310 166 2351 rus
187 2286 313 2351 obsedit.
342 2279 370 2321 ³⁹
379 2282 524 2343 Cecidere
540 2300 577 2341 co
591 2280 710 2358 proelio
728 2279 863 2357 peditum
877 2281 902 2339 ll
913 2279 1002 2355 milia,
1023 2279 1101 2342 CCC
1117 2282 1245 2362 equites.
1280 2288 1367 2363 Quam

114 2385 229 2446 cladem
248 2380 419 2442 Alexander
447 2376 562 2437 sollerti
592 2375 719 2437 consilio
746 2375 826 2450 texit,
857 2381 954 2436 morte
983 2376 1155 2439 denuntiata
1182 2378 1239 2455 his,
1268 2379 1322 2461 qui
1339 2397 1367 2438 ex

113 2481 230 2561 proelio
251 2479 440 2549 advenerant,
464 2473 489 2532 si
514 2478 580 2533 acta
598 2472 779 2551 tulgassent.

196 2575 346 2633 XXXlll.
380 2564 599 2630 V¹¹¹¹¹Oeterum
619 2588 710 2648 quum
728 2567 827 2628 animo
849 2567 1001 2646 disparem
1020 2568 1137 2631 vultum
1159 2570 1275 2633 diutius
1298 2573 1366 2633 terra

112 2691 173 2733 non
194 2678 306 2749 posset,
333 2670 363 2729 in
388 2665 613 2727 tabernaculum
634 2684 727 2742 super
747 2664 842 2741 ripam
861 2664 990 2726 fluminis
1013 2666 1051 2726 de
1073 2665 1223 2728 industria
1242 2668 1365 2729 locatum

112 2767 245 2830 secessit.
297 2761 362 2825 2lbi
390 2763 454 2824 siue
482 2760 601 2822 arbitris
626 2758 742 2833 singula
771 2759 861 2819 animi
888 2761 1026 2822 consulta
1052 2763 1221 2840 pensando,
1254 2773 1391 2831 noctem,

111 2864 221 2942 vigiliis
243 2861 377 2933 extraxit,
407 2877 497 2937 saepe
521 2856 651 2935 pellibus
673 2855 858 2916 tabernaculi
878 2857 1021 2933 allevatis
1052 2864 1087 2919 ut
1107 2860 1305 2938 conspiceret
1324 2864 1365 2923 ho

112 2962 202 3023 stium
223 2959 315 3036 ignes,
338 2977 353 3017 e
374 2956 482 3036 quibus
499 2953 669 3014 coniectare
690 2957 820 3029 poterat,
840 2959 950 3031 quanta
971 2954 1123 3015 homiuum
1143 2956 1310 3020 multitudo
1331 2976 1365 3018 es

112 3064 165 3117 set.
212 3049 353 3133 3lamque
371 3053 424 3111 lux
447 3048 615 3128 appetebat,
646 3068 738 3129 quum
766 3050 920 3109 thoracem
946 3049 1066 3111 indutus
1092 3053 1239 3129 procedit
1264 3057 1304 3117 ad
1324 3055 1366 3117 mi-

178 3295 320 3361 7,3a,3t.
360 3295 481 3360 Supra.
514 3297 540 3342 S·
561 3292 587 3352 79
607 3289 648 3354 98,
668 3289 709 3342 94·
733 3320 758 3329 -
783 3299 1043 3360 quaaeuturum.
1079 3297 1133 3347 Das
1152 3299 1237 3351 Lokal
1265 3304 1302 3354 ist
1320 3305 1366 3353 rier

111 3370 269 3431 Tagereisen
286 3368 322 3414 im
343 3366 453 3413 Wcsteu
473 3374 526 3410 vau
547 3361 709 3411 Maracanda
728 3376 760 3410 zu
779 3364 889 3421 suchen,
910 3376 930 3411 s.
946 3365 973 3413 C.
987 3361 1013 3423 7,
1033 3358 1074 3425 38,
1092 3362 1133 3415 tt.
1173 3367 1318 3421 Vielleicht
1332 3384 1365 3421 an

111 3438 283 3498 Polytimetos
305 3435 334 3493 (s.
354 3432 411 3480 hrr.
429 3426 455 3488 la,
472 3427 495 3491 5,
517 3425 550 3490 6)¹
574 3429 736 3491 avenigstcns
754 3430 827 3479 nicht
843 3431 907 3480 weit
921 3443 975 3480 voa
995 3432 1043 3481 der
1060 3433 1163 3493 thste,
1192 3435 1239 3486 die
1256 3437 1365 3490 westttch

112 3518 165 3551 von
185 3503 317 3564 Sogdiana
342 3500 412 3561 licgt.

181 3590 206 3650 7,
223 3590 265 3650 3⁵2,
287 3588 328 3642 3⁵2.
366 3587 564 3637 Pernicitas
593 3587 699 3638 bezieht
726 3587 782 3636 sich
812 3587 860 3636 aut
888 3588 931 3638 die
962 3588 1151 3639 ausdauarnda
1178 3590 1367 3659 schneliiglreit,

113 3659 200 3709 wobei
224 3660 334 3721 Euergie
355 3658 403 3706 des
422 3658 538 3718 littrpers
556 3657 610 3706 und
629 3656 677 3705 des
696 3655 804 3704 Wilteus
823 3656 879 3705 sich
897 3655 1024 3717 bewahrt,
1048 3654 1172 3705 aeheitaa
1190 3661 1242 3709 aul
1266 3664 1311 3715 die
1332 3665 1367 3713 ei-

113 3728 178 3790 lrige
198 3726 390 3788 Schnelligheit,
416 3726 442 3772 in
459 3737 489 3773 so
509 3725 566 3774 tarn
587 3725 626 3773 sie
646 3723 714 3772 eben
733 3723 818 3771 durch
837 3723 889 3771 den
908 3724 1002 3774 Willen
1026 3727 1152 3787 augeragt
1177 3728 1234 3777 und
1257 3732 1367 3781 erhatten

112 3795 188 3845 wird.
229 3797 255 3844 S.
273 3809 305 3842 zu
325 3791 350 3851 7,
370 3790 392 3853 7,
415 3789 453 3840 15.
472 3792 556 3854 Vergl.
577 3793 630 3841 biv,
650 3788 693 3849 33,
712 3787 754 3849 33,
775 3788 804 3838 1;
824 3788 986 3840 lsthmioraam
1002 3797 1097 3842 statum
1116 3788 1246 3844 ludicatur
1266 3798 1368 3857 aderat5

110 3877 245 3927 semper-
261 3862 386 3925 frequens,
412 3875 487 3923 qaum
504 3866 610 3925 propter
629 3855 772 3924 spectaculi
798 3856 908 3905 studium
926 3858 1029 3907 insitum
1049 3858 1126 3925 genti,
1156 3874 1204 3925 gua
1231 3866 1367 3915 aeramina

110 3931 189 3978 omnis
207 3929 306 3993 generis
326 3928 431 3986 artium,
454 3926 595 3991 uiriumque
615 3942 648 3975 ac
664 3923 896 3991 pernicitatis
918 3926 1041 3978 uisuntur.
1080 3928 1168 3989 Vergl.
1191 3929 1219 3979 C.
1240 3929 1267 3991 7,
1289 3931 1329 3995 41,
1348 3931 1366 3981 7.

109 3998 132 4059 a,
153 3996 176 4060 a,
200 3995 238 4047 le.

176 4087 200 4149 7,
221 4086 263 4149 3⁸2,
283 4083 325 4138 3-4.
362 4084 528 4134 llesistit.
548 4084 587 4132 F.:
609 4082 711 4132 restitit.
731 4110 760 4119 -
780 4082 804 4145 7,
816 4080 856 4144 32,
866 4079 908 4133 36.
936 4081 1110 4147 Defluait,
1127 4085 1228 4136 hachst
1244 4088 1368 4141 bezeich-

110 4157 212 4204 ncnder
234 4154 373 4204 husdruch
393 4153 434 4201 tur
453 4153 496 4201 die
516 4151 689 4200 mahlerische
706 4151 864 4214 hullassang
885 4152 934 4201 der
953 4153 1091 4202 Situation.
1119 4153 1144 4203 S.
1166 4154 1219 4204 biv.
1241 4154 1268 4207 2.
1285 4155 1325 4219 20,
1342 4154 1366 4207 3:
1406 4194 1409 4203 .

108 4236 155 4269 uec
175 4222 311 4286 quidquam
335 4221 425 4285 equitis
444 4217 548 4267 vulnere
569 4216 630 4281 equo
648 4216 792 4278 retardato,
818 4217 980 4267 moribundus
998 4218 1136 4283 Romanus,
1161 4217 1307 4275 labentibus
1327 4241 1366 4273 aa·

107 4305 154 4352 per·
176 4306 267 4354 corpus
287 4289 373 4348 arratis,
392 4286 426 4335 ari
445 4294 540 4333 terram
561 4282 719 4347 defluxit.

176 4378 202 4438 7,
221 4378 262 4440 32,
283 4378 324 4428 38.
360 4378 397 4426 lu
417 4376 627 4456 deditionem
653 4374 871 4455 satnlacturus.
909 4381 935 4428 S.
952 4381 1011 4457 liv.
1034 4376 1061 4438 9,
1078 4374 1121 4437 tt,
1142 4375 1172 4428 3:
1201 4383 1366 4460 oppugnanda

109 4446 149 4493 ad
172 4446 322 4495 deditionem
347 4445 450 4510 sudeprt.
476 4442 515 4506 43,
536 4443 559 4503 1,
581 4442 609 4493 1:
639 4443 734 4508 oppida
749 4461 776 4494 aa
796 4453 873 4511 atque
892 4463 970 4495 armas
991 4447 1072 4511 caepit
1095 4446 1131 4495 iu
1158 4446 1319 4503 dadinum.
1338 4477 1363 4488 -

108 4510 132 4573 7,
152 4511 193 4573 3⁸2,
213 4512 254 4562 39.
272 4513 504 4562 Adveneraut.
531 4513 570 4562 F.:
591 4519 718 4560 uerterant.

175 4601 200 4661 7,
219 4602 260 4665 33,
277 4605 300 4655 3.
336 4603 533 4671 Appetebat.
555 4604 593 4654 F.:
616 4601 765 4668 apparebat.
785 4606 809 4654 S.
825 4620 857 4655 zu
876 4603 900 4665 3,
913 4603 955 4666 30,
970 4603 990 4656 1.
