2820 4964
95 158 160 223 uss
562 162 602 242 Q.
642 160 781 224 consu
802 160 899 223 nost

87 327 203 407 facere
221 328 297 403 uult,
328 328 479 408 quoslillo
501 329 656 408 decoquas
680 351 744 393 noa
769 332 948 406 sleduirmes,
974 329 1177 409 semetipssan,
1205 330 1290 409 quod
1315 350 1363 392 eos

98 424 321 500 dendnauait,
345 445 487 504 purgare
505 445 570 486 non
594 430 719 505 poterit.
767 423 919 508 ³³Anceps
948 427 1031 488 mun
1059 427 1177 486 mmen
1203 433 1252 486 est
1280 430 1363 488 inter

97 522 277 581 retinentem
294 528 326 581 et
345 524 533 601 erigentem:
555 525 619 583 nisi
632 525 715 602 meod
734 526 842 586 melior
861 531 906 586 est
922 543 1017 585 causa
1038 542 1130 583 suum
1150 541 1216 584 noa
1238 525 1364 586 maden

98 617 147 693 tis,
167 635 259 695 qssam
273 621 427 696 poscentis
444 622 588 681 abeam
626 613 811 696 ”Ceterum
827 641 892 698 rea,
903 639 993 700 equos
1014 619 1114 680 decem
1132 617 1239 696 baberi,
1259 623 1365 701 equis

97 712 290 792 Anapbaaes
317 723 383 776 octo
410 718 475 777 iam
504 715 704 779 diminuat
730 718 786 794 bis,
817 718 873 796 qui
893 719 1064 778 amuerant
1089 735 1167 778 suos.
1228 718 1365 779 omnmo

98 807 174 870 duos
197 810 260 888 ipse
287 810 451 873 habebam:
490 832 566 892 quos
591 833 687 891 quum
717 816 809 875 uellet
832 812 981 874 abducere
1008 812 1099 873 tamo
1121 811 1362 892 apamenos,

98 912 178 966 certe
200 907 419 985 iniquissimus,
444 912 508 969 nisi
522 911 614 988 pedes
633 912 772 972 militare
790 911 906 987 uelum,
932 911 1066 970 retinere
1082 906 1221 987 cogebar.
1270 904 1364 970 ³⁵Nec

98 1002 220 1082 e'rsfitim
240 1022 281 1078 eo,
313 1003 403 1065 liberi
419 1006 551 1066 lerninis
571 1007 677 1066 animo
699 1008 860 1084 loquutum
878 1025 939 1066 esse
958 1026 1007 1066 me
1029 1025 1100 1066 cum
1117 1007 1320 1084 sqnwissirno
1334 1013 1364 1066 et

98 1099 155 1160 boo
175 1119 275 1159 unum
295 1102 427 1162 militiae
443 1123 518 1162 suae
538 1110 718 1181 usurpante,
737 1107 777 1161 ut
795 1101 912 1161 meaos
931 1121 1021 1180 equos
1040 1104 1237 1180 pugnaturis
1261 1103 1363 1164 de'stri·

99 1193 182 1256 buat.
223 1197 297 1256 Huc
316 1200 398 1258 enim
419 1199 574 1258 malorum
595 1205 721 1258 uentum
740 1204 793 1273 est,
823 1205 863 1258 ut
888 1197 979 1259 uerba
1003 1217 1072 1258 mea
1099 1197 1203 1259 codem
1232 1205 1364 1278 tempore

98 1297 130 1351 et
149 1291 328 1354 Alexandro
348 1315 487 1355 eumaem
508 1302 540 1354 et
560 1295 743 1374 Antiphani.
810 1359 830 1369 ..

182 1380 261 1449 36Αἰ
278 1389 400 1452 hercule
418 1382 518 1451 mater
538 1390 575 1451 de
594 1390 679 1452 nobis
706 1377 841 1451 inimicis
866 1392 928 1450 tuis
954 1383 1099 1469 screpsiil,
1137 1392 1266 1452 Utinam
1284 1409 1363 1471 pru

100 1483 221 1545 deutrus
245 1493 319 1547 esset
342 1489 475 1549 sollicita
494 1506 555 1568 pro
572 1490 657 1569 filio,
699 1495 730 1551 et
755 1505 820 1546 non
847 1488 957 1547 inanes
984 1505 1102 1566 quoque
1126 1482 1238 1567 species
1269 1490 1364 1548 aneso

99 1583 205 1643 animo
214 1583 385 1662 figuraret.
424 1586 528 1656 Quare
548 1586 630 1646 enim
650 1603 715 1644 non
733 1581 862 1645 ascribit
876 1590 974 1643 metus
994 1584 1047 1642 sui
1065 1587 1216 1646 causam?
1237 1584 1365 1662 denique

98 1697 164 1738 nore
184 1679 317 1739 ostendit
336 1685 514 1743 auctorem?
558 1681 623 1750 ooo
634 1679 732 1760 facto
753 1681 870 1741 dictove
892 1687 998 1741 nostro
1023 1687 1108 1741 mota
1133 1688 1198 1740 tam
1230 1680 1365 1760 trepidos

100 1772 159 1834 tibi
176 1774 296 1835 litteras
316 1779 462 1856 scripsit?
505 1774 569 1838 376
589 1778 733 1837 mucram
756 1777 961 1839 conditionem
989 1795 1098 1851 meam,
1123 1777 1199 1855 qnia
1216 1775 1365 1856 forsitan

98 1890 164 1931 aare
181 1873 387 1951 periculosius
411 1883 455 1935 est
479 1883 587 1949 tacere,
615 1893 708 1952 quam
736 1872 854 1933 dicere!
897 1873 960 1935 Sed
986 1880 1142 1951 utcunque
1167 1892 1293 1935 cessura
1319 1892 1365 1932 res

99 1976 152 2045 est,
178 1969 261 2029 malo
281 1968 339 2029 tibi
357 1971 562 2050 defensionem
589 1989 689 2030 meam
717 1969 883 2048 displicere,
916 1989 1009 2049 qseam
1038 1988 1173 2031 causam.
1213 1969 1366 2048 Agnosces

100 2072 213 2140 autem,
235 2086 312 2144 quae
333 2066 473 2127 dicturus
492 2087 578 2138 sum;
608 2068 718 2145 quippe
744 2068 919 2142 meministi,
943 2072 1039 2144 quum
1058 2084 1107 2126 me
1127 2065 1172 2126 ad
1194 2067 1366 2145 perducen-

101 2160 154 2222 dos
184 2183 223 2222 eu
249 2163 437 2224 Macedonia
462 2166 575 2225 milites
599 2165 749 2239 mitteres,
787 2163 899 2223 dirisse
927 2168 975 2236 te,
1002 2161 1117 2222 multos
1154 2162 1294 2240 integros
1320 2164 1368 2222 iu-

100 2276 188 2317 uenes
222 2259 257 2317 in
283 2258 370 2318 domo
397 2266 470 2320 tuae
498 2262 610 2321 aratris
633 2258 784 2320 abscondi.
841 2253 1065 2337 ³8Praecepisti
1086 2257 1187 2336 sititur
1206 2257 1304 2335 milei,
1330 2279 1369 2319 ne

101 2373 190 2432 quem
205 2363 331 2433 praeter
354 2362 382 2415 te
402 2357 549 2431 intuerer,
580 2356 633 2416 sed
653 2355 854 2416 detrectantes
874 2356 1021 2416 militiam
1038 2353 1238 2433 perducerem
1265 2355 1312 2416 ad
1331 2363 1368 2416 te.
1403 2420 1409 2431 ,

104 2450 194 2519 Quod
210 2451 346 2530 equidem
357 2451 440 2533 soci,
459 2459 489 2512 ot
509 2451 642 2527 liberius,
670 2471 763 2530 quam
784 2450 961 2529 expediebat
988 2450 1075 2526 mibi,
1102 2460 1274 2530 esequutses
1300 2473 1368 2513 sum

102 2554 191 2607 tuum
217 2550 389 2626 imperium.
455 2549 613 2628 Gorgiam,
648 2550 838 2609 Hecataeum
868 2555 899 2608 et
924 2536 1101 2627 ³Gorgatan,
1128 2566 1261 2626 qsmrum
1289 2547 1370 2610 bona

102 2663 193 2723 opera
214 2647 318 2722 uteris,
329 2646 412 2727 ,inde
424 2645 572 2724 perduxi.
620 2641 649 2684 ³⁹
658 2645 742 2714 Quid
758 2645 859 2724 egitur
876 2644 1015 2724 iniquius
1034 2651 1087 2720 est,
1108 2663 1202 2722 quam
1217 2663 1278 2718 me,
1307 2647 1371 2725 qui,

101 2743 131 2802 si
147 2739 205 2802 tibi
224 2761 288 2802 non
301 2745 486 2822 paruissem,
513 2744 582 2802 iure
604 2741 736 2802 daturus
747 2738 813 2820 fui
824 2759 950 2818 poenas,
975 2759 1063 2801 nunc
1077 2743 1191 2820 perire,
1218 2743 1296 2821 quia
1310 2762 1372 2823 pa-

102 2840 178 2901 rui?
214 2839 317 2917 Neque
336 2841 417 2900 enim
438 2840 507 2900 ulla
521 2840 587 2900 alia
604 2839 703 2898 matri
715 2843 788 2896 tuae
801 2836 1005 2916 persequendi
1019 2857 1076 2897 nos
1093 2858 1189 2899 causa
1201 2845 1253 2914 est,
1275 2859 1372 2918 quam

102 2936 185 3015 quod
194 2937 362 2997 utilitatem
381 2944 468 2996 tuam
488 2933 633 2995 muliebri
646 2934 882 3013 praeposuimus
898 2935 1031 3013 gratioe.
1068 2927 1166 2996 ⁴⁰Seu
1180 2935 1272 2996 milia
1294 2937 1372 2997 Ma-

103 3033 250 3094 cedonum
264 3033 406 3111 peditam
424 3039 454 3091 et
468 3031 527 3095 DC
536 3034 649 3109 equites
668 3030 797 3106 adduxi,
816 3049 947 3108 quorum
955 3049 1035 3110 pars
1055 3039 1224 3111 sequutsem
1240 3051 1371 3093 menon

103 3135 180 3203 erat,
203 3131 232 3188 si
251 3128 396 3187 militiam
418 3125 655 3187 detrectantibus
676 3126 838 3205 indulgere
855 3127 1023 3188 volumem.
1052 3128 1200 3206 Sequitur
1220 3147 1305 3207 ergo,
1325 3136 1371 3204 ut,

104 3225 178 3302 quia
198 3223 256 3283 illa
272 3229 399 3300 propter
420 3222 501 3282 banc
521 3241 647 3284 causam
671 3224 820 3283 irascitur
841 3221 935 3300 nobis,
956 3230 991 3283 tu
1012 3226 1133 3303 mitiges
1153 3232 1299 3301 matrem,
1318 3227 1375 3305 qni

104 3323 171 3382 irae
192 3322 257 3382 cius
277 3339 333 3380 nos
355 3317 498 3381 obtulisti.

173 3609 197 3672 7,
213 3610 236 3672 5,
255 3609 296 3660 35.
329 3609 570 3676 anaoissimo.
602 3611 656 3659 Des
677 3609 830 3672 altgemeine
843 3608 940 3659 Urtheil
960 3579 1026 3658 [tier
1046 3606 1088 3657 die
1107 3609 1277 3676 γραμματεῖς,
1302 3609 1372 3659 wel-

105 3680 169 3729 ches
188 3679 261 3728 nicht
281 3679 330 3728 dos
353 3679 501 3742 gunstigsto
527 3690 652 3740 gewesen
671 3682 703 3726 zu
720 3677 778 3726 sein
806 3677 918 3738 scheint,
939 3703 970 3712 -
990 3676 1028 3726 sie
1052 3688 1144 3724 waren
1163 3675 1244 3725 meist
1263 3678 1374 3740 gotinge

105 3749 187 3865 affl
214 3747 280 3800 oder
300 3747 420 3808 Sclaven,
441 3772 469 3781 -
491 3745 538 3795 hat
562 3745 619 3794 hier
640 3744 709 3794 wohl
734 3745 783 3792 mit
804 3744 852 3794 aul
872 3744 916 3794 die
932 3744 1008 3794 Wahl
1034 3742 1082 3793 des
1100 3742 1257 3794 Ausdrucks
1276 3745 1375 3809 einge-

172 3923 196 3986 7,
215 3923 241 3983 5,
262 3920 301 3973 36.
338 3921 713 3988 Species-siqueoret.
754 3921 840 3984 Vergt.
861 3921 916 3971 (lic.
940 3920 974 3970 de
1000 3922 1054 3968 nai.
1079 3919 1152 3970 deor.
1176 3916 1331 3983 1,18,48;
1352 3921 1374 3970 si

104 3991 389 4043 omninmanimantium
406 3990 548 4054 formam
567 3988 647 4037 vincit
666 3987 772 4037 bominis
791 3989 807 4052 f
812 3989 821 4036 i
827 4003 889 4053 qur
897 4003 926 4050 a,
946 3987 1005 4036 deus
1026 3993 1111 4036 autem
1131 3987 1249 4039 animans
1269 3995 1324 4037 est:
1345 4004 1374 4037 ea

104 4062 224 4126 tiqura
244 4060 361 4129 profecto
381 4065 424 4120 est,
451 4072 516 4123 quoe
538 4054 713 4124 pulcherrima
731 4056 766 4104 sit
794 4055 916 4117 omnium
943 4054 1112 4122 quoniamque
1138 4056 1196 4105 deos
1216 4054 1374 4106 beatissimos

105 4145 158 4179 esse
175 4134 283 4190 constat,
301 4126 388 4176 beatus
406 4132 491 4175 autem
508 4141 560 4173 esse
580 4124 634 4173 sine
650 4125 746 4174 virtute
763 4140 833 4173 uerno
844 4130 937 4203 potest,
957 4139 1005 4172 nec
1018 4123 1100 4174 virtus
1118 4124 1172 4174 sine
1188 4124 1291 4173 ratione
1310 4141 1374 4174 coa-

104 4204 184 4257 stare‚
204 4213 251 4247 nec
270 4194 339 4245 ratio
358 4208 466 4262 usquam
485 4193 566 4242 inesse
582 4193 633 4242 nisi
650 4193 678 4241 ia
697 4191 803 4243 bominis
823 4193 958 4258 fsquro:
980 4190 1087 4241 bominis
1103 4207 1156 4242 esse
1175 4192 1297 4261 specie
1315 4190 1375 4241 deos

106 4264 274 4329 confitendum
294 4270 338 4313 est.
362 4289 390 4298 -
419 4260 616 4312 auctorem?
648 4261 703 4310 Vor
729 4262 754 4311 Z.
775 4275 865 4312 waren
892 4261 935 4311 die
957 4260 1064 4311 warte:
1094 4257 1201 4326 denique
1225 4275 1279 4310 noa
1303 4276 1326 4310 o.
1351 4276 1374 4309 a.

106 4347 158 4383 nur
178 4333 263 4383 durch
281 4333 323 4382 ein
344 4333 455 4380 Komma
474 4343 537 4379 vom
550 4330 698 4393 Folgenden
716 4329 868 4392 gesondort.
920 4325 1032 4393 Denique
1050 4327 1124 4378 nicht
1140 4329 1227 4380 solten
1244 4327 1289 4378 bei
1308 4329 1375 4379 zwoi

106 4400 297 4463 Satzgliedorn.
320 4401 344 4448 S.
364 4399 418 4448 Liv.
436 4395 462 4457 5,
482 4394 507 4456 6,
524 4395 569 4446 12:
592 4404 621 4445 at
639 4412 691 4445 non
709 4395 845 4450 obsidionis
865 4395 955 4457 taedio,
972 4411 1024 4445 non
1043 4394 1121 4445 deni
1148 4411 1187 4445 sse
1205 4396 1279 4462 sequi
1299 4396 1375 4461 quic-

107 4482 183 4531 quam
202 4466 270 4532 apud
291 4483 331 4515 eos
347 4471 468 4515 meatum
487 4465 529 4513 sit.
552 4491 580 4502 ·-
603 4461 720 4527 7,5,37.
743 4464 833 4526 Quia.
852 4465 893 4514 F.:
912 4463 960 4514 cui.
981 4465 1006 4514 S.
1025 4479 1060 4514 zu
1077 4459 1101 4525 6,
1119 4413 1160 4526 d7,
1187 4460 1211 4514 i.
1239 4489 1270 4503 ·-
1299 4480 1376 4513 ces·

106 4549 198 4582 sura.
217 4531 280 4594 s.7‚
296 4531 335 4595 16,
354 4529 399 4583 16:
418 4540 546 4598 utcsanue
563 4532 672 4582 cesserit.
690 4559 718 4567 -·
741 4531 765 4595 7,
787 4531 810 4595 5,
832 4529 872 4582 38,
891 4531 1108 4582 Hecataeum.
1125 4533 1151 4585 F.
1165 4534 1209 4583 ΖΑ
1227 4529 1375 4583 nevam

109 4628 136 4640 -
159 4598 183 4661 7,
201 4599 225 4661 5,
244 4597 286 4650 40.
305 4599 448 4651 Adduai.
476 4603 502 4651 S.
522 4603 548 4651 C.
571 4599 595 4663 5,
614 4597 638 4663 6,
657 4595 697 4650 40.
