2820 4964
108 163 173 228 ιιι
372 163 413 244 Q.
447 160 587 225 cunnu
605 161 704 225 nuri
736 161 806 223 vn.
825 161 939 224 xnrn.
961 161 1096 224 uo-ae.

110 352 187 416 quos
209 332 248 394 ad
269 338 330 393 tam
350 332 540 393 manifestum
562 330 732 409 periculum
756 332 893 406 miserat,
925 330 1092 404 sollicitus,
1118 335 1183 390 toto
1205 329 1257 390 die
1280 350 1366 391 cacu-

109 432 188 492 mina
200 429 310 492 montis
324 428 442 488 intuens
456 427 571 488 restitit
603 428 708 489 Noctu
723 427 852 503 demum,
874 447 965 508 quum
980 427 1149 489 obscuritas
1167 434 1368 505 conspectum

110 527 268 589 oculorum
290 524 458 600 ademisset,
481 524 519 584 ad
541 525 706 585 curandum
729 543 843 603 corpus
864 523 997 585 recessit
1039 517 1199 584 ²¹Postero
1222 523 1273 583 die
1291 543 1367 584 non·

110 625 179 685 dum
198 623 269 684 satis
288 621 370 682 clara
387 620 456 681 lnce
477 619 593 698 primus
607 620 681 695 vela,
703 619 820 699 signum
841 619 922 698 capti
941 621 1072 696 verticis,
1092 619 1261 699 conspexit.
1305 620 1367 680 Sed

108 740 147 782 ue
166 719 321 780 falleretur
344 716 441 789 acies,
468 716 604 777 dubitare
636 716 764 793 cogebat
793 717 921 777 varietas
949 715 1039 793 coeli,
1070 734 1150 778 nuuc
1175 717 1367 777 internitente

108 815 185 877 lucis
206 813 339 892 fulgore,
368 832 448 874 nune
479 811 609 873 condito.
653 812 768 872 Verum
786 819 820 873 ut
847 812 992 892 liquidior
1021 813 1074 874 lux
1099 812 1241 891 apparuit
1268 813 1365 887 coelo,

108 910 254 974 dubitatio
274 915 412 988 exempta
438 915 500 980 est;
540 901 773 989 ²²vocatumque
799 910 943 988 Cophen,
967 928 1024 988 per
1049 927 1140 988 quem
1166 907 1364 970 barbarorum

108 1009 225 1070 animos
245 1010 426 1082 tentaverat,
453 1005 541 1065 mittit
567 1003 605 1063 ad
627 1023 698 1080 eos,
723 1004 775 1084 qui
797 1011 950 1079 moueret,
977 1024 1057 1066 nunc
1083 1004 1364 1066 saltemsalnbrius

109 1103 267 1166 consilium
288 1102 411 1162 inirent:
436 1103 602 1164 sinautem
623 1100 733 1161 fiducia
750 1099 812 1161 loci
833 1108 1076 1180 perseverarent,
1099 1101 1219 1163 ostendi
1239 1121 1258 1162 a
1280 1109 1363 1182 tergo

108 1201 202 1276 iussit,
223 1197 274 1278 qni
286 1205 429 1276 ceperant
439 1198 590 1259 verticem.
621 1191 779 1276 2³copnes
800 1198 948 1260 admissus
969 1198 1097 1259 suadere
1114 1198 1217 1276 coepit
1234 1199 1365 1259 Arimazi

108 1303 225 1376 petram
245 1295 378 1370 tradere,
399 1295 523 1373 gratiam
543 1293 624 1372 regis
648 1292 774 1369 inituro,
797 1293 823 1355 si
844 1301 939 1356 tantas
960 1313 1009 1355 res
1031 1294 1205 1355 molientem
1226 1295 1258 1355 in
1276 1296 1365 1357 unius

108 1392 192 1472 rupis
205 1391 363 1453 obsidione
375 1391 500 1452 haerere
518 1410 581 1452 uon
602 1390 760 1470 coegisset
788 1390 851 1467 ille,
870 1391 1003 1452 ferocius
1024 1391 1255 1473 superbiusque,
1276 1413 1365 1474 quam

107 1496 202 1565 antea,
220 1488 373 1570 loquutus,
395 1487 477 1548 abire
500 1487 625 1566 Cophen
649 1487 739 1549 iubet
772 1480 847 1548 2⁴At
866 1488 893 1555 is
916 1507 1061 1567 prensum
1084 1508 1176 1549 manu
1202 1488 1365 1551 barbarum

108 1597 201 1666 rogat,
223 1593 258 1647 ut
275 1604 379 1647 secum
397 1591 483 1646 extra
505 1603 629 1663 specum
649 1583 793 1663 prodeat:
824 1603 885 1663 quo
907 1583 1062 1662 imperato,
1081 1584 1207 1646 iuvenes
1226 1584 1257 1645 in
1279 1606 1365 1647 cacu-

107 1685 186 1745 mine
207 1681 345 1757 ostendit,
368 1680 493 1761 eiusque
511 1679 670 1758 superbiae
690 1679 771 1739 haud
791 1679 1098 1750 immerito·illudens,
1120 1679 1229 1760 pinnas
1254 1682 1365 1743 habere

108 1780 149 1842 ait
168 1778 276 1839 milites
290 1777 462 1838 Alexandri.
497 1771 653 1857 ²⁵lamque
674 1795 691 1837 e
715 1774 913 1837 Macedonum
929 1777 1034 1839 castris
1057 1776 1213 1856 signorum
1235 1798 1365 1840 concen-

108 1884 155 1938 tus
176 1882 208 1936 et
227 1873 320 1935 totius
347 1873 498 1935 exercitus
521 1873 636 1934 clamor
654 1871 839 1933 audiebatur.
880 1873 925 1933 Ea
946 1893 1005 1949 res,
1027 1872 1105 1935 sicut
1125 1872 1273 1955 pleraque
1293 1876 1364 1937 belli

108 1991 184 2034 vana
201 1976 232 2031 et
253 1969 364 2045 inania,
390 1971 537 2031 barbaros
557 1970 595 2029 ad
617 1969 798 2029 deditionem
822 1969 920 2031 traxit
963 1970 1084 2050 Quippe
1111 1971 1253 2050 occupati
1284 1980 1364 2033 metu

107 2068 287 2148 paucitatem
305 2086 426 2144 eorum,
445 2066 496 2148 qui
516 2086 534 2126 a
552 2071 638 2144 tergo
652 2063 757 2140 erant,
786 2066 942 2126 aestimare
960 2084 1023 2126 non
1043 2071 1191 2145 poterant.
1224 2062 1363 2148 26ltaque

108 2165 235 2243 Cophen
254 2164 334 2241 (nam
354 2163 539 2243 trepidantes
555 2160 731 2242 reliquerat)
749 2167 871 2222 strenue
889 2174 1042 2239 revocent,
1060 2169 1090 2225 et
1111 2183 1181 2224 cum
1202 2183 1243 2226 eo
1262 2166 1363 2226 XXX

107 2260 261 2340 principes
278 2259 411 2335 mittunt,
438 2260 490 2340 qui
509 2266 625 2338 petram
645 2257 782 2334 tradant,
809 2263 855 2334 et,
883 2265 918 2320 ut
938 2258 1140 2326 incolumibus
1162 2260 1247 2323 abire
1265 2262 1363 2337 liceat,

108 2356 307 2436 paciscantur.
340 2351 367 2393 ²⁷
375 2355 430 2415 llle
450 2375 628 2436 quamquam
649 2354 823 2430 verebatur,
848 2374 886 2415 ue
907 2362 1070 2435 conspecta
1096 2356 1238 2418 iuvenum
1262 2359 1363 2438 pauci-

108 2459 166 2515 tate
190 2452 382 2514 deturbarent
408 2470 460 2512 eos
480 2451 613 2526 barbari,
645 2457 743 2511 tamen
765 2458 796 2511 et
818 2453 955 2512 fortunae
983 2472 1055 2514 suae
1084 2453 1219 2514 confisus
1247 2460 1279 2515 et
1298 2455 1362 2516 Ari-

108 2554 185 2612 mazi
204 2550 362 2629 superbiae
383 2549 530 2623 infensus,
561 2547 674 2607 nullam
694 2566 727 2606 se
751 2545 952 2607 conditionem
974 2548 1133 2610 deditionis
1151 2549 1292 2631 accipere
1318 2571 1361 2613 re-

108 2646 238 2727 spondit.
273 2639 473 2717 ²⁸Arimazes,
498 2642 663 2720 desperatis
685 2641 795 2721 magis,
818 2661 905 2722 quam
927 2643 1052 2721 perditis
1069 2645 1175 2722 rebus,
1198 2666 1361 2728 cumpro

107 2743 226 2826 pinquis
251 2739 504 2819 nobilissimisque
534 2736 630 2816 gentis
663 2757 734 2799 suae
766 2739 920 2800 descendit
951 2739 981 2800 in
1005 2747 1119 2802 castra:
1147 2760 1226 2823 quos
1258 2764 1360 2807 omues

107 2840 282 2901 verberibus
308 2837 430 2898 affectos
460 2834 517 2896 sub
543 2832 617 2913 ipsis
654 2834 806 2895 radicibus
841 2840 944 2914 petrae
977 2836 1118 2899 crucibus
1152 2839 1241 2901 iussit
1272 2843 1359 2921 affigi.

107 2932 135 2975 ²⁹
143 2935 304 2997 Multitudo
330 2931 538 2993 dediticiorum
569 2929 675 2990 incolis
702 2949 849 2992 novarum
876 2932 996 2993 urbium
1025 2955 1093 2995 cum
1118 2935 1249 3013 pecunia
1275 2944 1360 3017 capta

108 3035 189 3094 dono
212 3032 280 3090 data
300 3035 358 3089 est:
382 3027 548 3088 Artabazus
566 3025 722 3104 iu'petrae
742 3026 947 3107 regionisque,
969 3049 1045 3110 qnae
1065 3030 1205 3112 apposita
1224 3040 1306 3095 esset
1326 3035 1358 3109 ei,

108 3128 200 3189 tutela
220 3125 352 3184 relictus.

109 3313 152 3362 die
167 3311 236 3372 Lege
258 3308 335 3370 jener
357 3307 464 3355 Manner
485 3305 523 3354 als
543 3306 633 3355 Grund
653 3305 701 3355 der
721 3307 1007 3375 Gemnttsbewegung,
1032 3310 1077 3362 bet
1104 3311 1185 3361 meere
1207 3315 1248 3364 als
1268 3315 1359 3379 0bjelrt

108 3377 248 3430 dersolben
264 3374 379 3439 gedccbt
395 3373 436 3423 ist.
465 3372 538 3422 Doch
558 3373 593 3423 ist
613 3373 661 3423 der
680 3375 821 3425 Accusativ
839 3376 1063 3439 gebre‘ucbticher.
1094 3380 1120 3431 S.
1139 3377 1165 3441 7,
1179 3377 1203 3443 6,
1224 3379 1253 3432 5:
1270 3398 1358 3432 mae-

107 3453 176 3495 stus
195 3459 255 3494 nort
273 3457 365 3492 suom
381 3440 497 3502 vicem,
516 3439 560 3488 red
572 3447 680 3507 propter
698 3440 780 3507 iprum
796 3442 1000 3508 periclitantium
1012 3445 1134 3509 [ratmot.
1162 3448 1219 3497 Liv.
1239 3446 1357 3513 8,35,1:

107 3519 233 3579 stupentes
252 3509 363 3559 tribunos
383 3515 408 3557 et
426 3522 515 3557 saum
532 3507 598 3557 iam
612 3508 716 3557 vicem
734 3509 839 3574 mepta
858 3511 993 3576 unctos,
1011 3527 1106 3578 qaum
1122 3513 1204 3578 eius,
1225 3517 1357 3567 cuicatci-

109 3581 169 3629 lium
187 3579 219 3628 ab
235 3576 416 3643 repetebatur,
436 3573 554 3626 liberavit
575 3592 649 3626 onere
668 3591 800 3626 consensus
815 3576 912 3644 populi.

174 3668 200 3729 7,
221 3665 323 3728 anal
358 3664 705 3718 Nuncinterniteate.
733 3665 1009 3731 Vergl.8,14‚3:ab
1031 3672 1098 3720 omni
1113 3678 1192 3739 purte
1211 3672 1358 3724 contimt-

107 3755 168 3789 corc
185 3734 301 3802 sulpura,
322 3741 346 3782 et
362 3747 448 3782 nunc
462 3733 693 3784 internitente
710 3732 787 3782 lace
804 3748 886 3785 nanc
904 3737 1063 3799 conditu,
1076 3766 1103 3787 2·-
1119 3730 1359 3792 exercitata-m.

106 3823 158 3856 moa
177 3813 272 3854 terrere
288 3806 429 3868 coeperant.
448 3827 476 3836 —
500 3798 526 3860 7,
544 3797 586 3864 43,
602 3799 644 3852 23.
662 3800 808 3851 latitare.
843 3805 889 3854 Die
908 3806 1089 3868 gewohnliche
1108 3806 1186 3857 Form
1203 3808 1254 3858 der
1275 3812 1359 3861 oratio

107 3875 213 3939 obliqua
230 3873 266 3922 ist
280 3870 342 3921 sehr
361 3868 498 3931 geschickt
515 3869 599 3919 diirch
618 3870 691 3920 dtese
710 3870 850 3935 Wendung
868 3886 1025 3936 umgangen.
1059 3875 1169 3925 warum
1191 3876 1281 3927 nicht:
1298 3893 1359 3927 sua-

107 3942 165 3990 dere
183 3939 266 4006 coepit
280 3935 404 3996 Arimazi,
426 3942 528 4003 petrum
553 3935 674 3996 truderet,
699 3936 813 4003 qratiam
837 3938 904 4004 repis
928 3939 1049 4001 initum,
1072 3940 1097 3991 si
1113 3968 1141 3978 —
1160 3940 1176 3991 7
1192 3969 1224 3979 -
1260 3946 1358 4009 wege„

107 4011 154 4060 des
171 4008 328 4060 Godankens
345 4003 426 4066 vergi.
445 4000 471 4063 8,
488 3999 513 4065 9,
530 4000 571 4053 97.
594 4001 618 4066 8,
640 4001 681 4064 12,
701 4001 739 4054 14.

173 4097 196 4160 7,
214 4095 256 4156 43,
275 4093 317 4146 tl.
354 4094 486 4144 Pinnas.
514 4095 553 4143 F.:
571 4111 676 4162 pennas.
695 4122 726 4131 -
749 4093 773 4157 7,
792 4092 835 4156 43,
856 4093 896 4147 25.
929 4094 1027 4148 Vana.
1056 4100 1080 4148 S.
1102 4094 1126 4160 4,
1145 4095 1187 4164 47,
1206 4099 1238 4151 5:
1263 4103 1359 4153 ousia

105 4161 545 4292 qtriir'quaqiibugeqillitbemfimqqqis,
563 4177 639 4229 quem
657 4161 759 4212 iustis
774 4163 919 4228 formidinis
938 4165 1023 4215 cauria
1044 4166 1147 4221 moueri.
1167 4195 1196 4206 -
1223 4166 1250 4235 7,
1264 4167 1308 4233 43,
1319 4168 1357 4220 nt.

562 4430 930 4455 ω*-
943 4443 951 4449 .
