2820 4964
70 153 136 217 aso
167 172 171 181 ,
542 149 582 229 Q.
606 149 747 219 ourrru
768 149 865 213 surr

75 323 131 383 dro
153 328 237 382 erant
258 321 345 396 iacta,
366 326 606 402 conceptumque
627 321 727 400 ignem
742 320 801 380 late
823 319 938 394 fudere,
958 318 1057 378 donec
1078 314 1184 377 omnia
1201 316 1273 379 solo
1291 338 1335 381 ae

75 424 164 499 quata
183 425 262 481 sunt.
308 413 368 477 ⁹llt
390 438 426 478 ex
446 418 522 479 urbe
545 419 674 498 primum
698 438 805 478 canum
830 417 964 489 latratus,
994 411 1104 473 deinde
1132 411 1226 473 etiam
1248 415 1337 477 homi-

75 536 146 576 num
169 516 302 576 fremitus
325 515 443 575 auditus
472 521 526 577 est.
569 516 646 574 Tum
676 522 707 574 et
729 513 873 593 oppidani
896 513 1014 573 hostem
1039 519 1069 572 et
1091 510 1280 571 Macedones
1302 498 1337 571 ad

76 611 182 672 urbem
203 611 287 689 ipsos
310 611 427 672 venisse
450 616 645 689 cognoscunt.
678 605 833 691 ¹⁰lamque
853 629 906 670 rex
924 604 1072 669 'eduxerat
1085 607 1197 686 copias
1212 614 1244 667 et
1261 628 1337 669 moe-

76 708 125 767 nia
151 707 316 782 obsidebat,
347 727 438 786 quum
467 707 607 781 hostium,
645 706 695 787 qui
724 706 884 768 discrimen
912 709 1108 779 tentaverant,
1141 704 1249 765 obruti
1275 705 1337 766 telis

77 810 154 864 sunt
196 803 272 864 Aliis
294 823 365 882 ergo
396 803 586 878 deditionem,
615 801 681 863 aliis
704 822 834 881 pugnam
861 801 992 880 experiri
1019 800 1177 879 placebat:
1213 820 1335 880 quorum

77 900 262 962 dubitatione
282 906 445 979 comperta,
461 900 666 960 circumsideri
688 906 800 960 tantum
815 918 868 961 eos
881 905 912 959 et
925 897 1067 958 abstineri
1078 896 1228 959 caedibus
1249 897 1336 961 iussit.

76 992 97 1034 ¹¹
112 999 305 1076 Tandemque
335 996 501 1058 obsidionis
529 996 615 1057 malis
645 997 758 1074 fatigati
789 996 930 1057 dedidere
956 1014 998 1056 se.
1052 992 1081 1055 A
1111 994 1231 1056 Libero
1258 1002 1336 1074 patre

76 1094 216 1155 conditos
238 1113 270 1154 se
293 1112 359 1153 esse
382 1093 532 1166 dicebant3
559 1100 589 1153 et
615 1113 687 1153 vera
708 1094 782 1153 haec
803 1093 892 1171 origo
909 1099 984 1154 erat.
1022 1085 1121 1153 ¹2Sita
1144 1098 1194 1153 est
1217 1092 1276 1153 suh
1297 1113 1337 1153 ra

76 1190 192 1249 dicibus
221 1189 339 1263 montis,
368 1209 456 1269 quem
476 1191 585 1249 Meron
611 1188 727 1250 incolae
748 1189 910 1268 appellant.
952 1189 1025 1250 lude
1047 1187 1160 1250 Graeci
1181 1186 1337 1249 mentiendi

77 1290 195 1343 traxere
216 1283 376 1359 licentiam,
396 1285 476 1346 lovis
499 1287 607 1347 femine
628 1285 771 1346 Liberum
791 1291 907 1363 patrem
926 1304 993 1346 esse
1013 1283 1155 1347 celatum.

159 1381 312 1442 XXXVI.
346 1377 450 1457 ¹³ltex‚
472 1383 531 1444 situ
550 1383 659 1443 montis
679 1381 801 1460 cognito
821 1401 857 1441 ex
877 1380 994 1456 incolis,
1014 1402 1084 1443 cum
1106 1386 1176 1443 toto
1200 1372 1337 1449 exercitu,

76 1478 248 1556 praemissis
270 1478 494 1553 commeatibus,
523 1481 665 1540 verticem
688 1479 753 1539 eius
775 1478 919 1541 ascendit.
964 1477 1058 1538 Merita
1078 1478 1196 1539 hedera
1217 1479 1338 1560 vitisque
1377 1484 1379 1489 '

76 1580 142 1635 toto
164 1574 296 1654 gignitur
315 1582 429 1648 monte;
459 1575 568 1635 multae
591 1594 739 1655 perennes
764 1595 858 1657 aquae
879 1579 1007 1635 manant.
1049 1567 1254 1636 14Pomorum
1273 1597 1338 1657 quo

77 1691 135 1750 que
154 1670 229 1731 varii
249 1671 445 1750 salubresque
468 1673 551 1733 succi
573 1681 651 1748 suut,
681 1693 736 1733 sua
755 1678 864 1751 sponte
891 1671 1084 1732 fortuitorum
1108 1672 1263 1733 seminum
1285 1675 1339 1736 fru-

76 1787 130 1844 ges
150 1769 241 1827 humo
265 1767 421 1827 nutriente.
464 1770 556 1830 Lauri
576 1769 771 1848 baccarisque
796 1768 890 1829 multa
913 1767 944 1826 in
971 1766 1030 1827 illis
1059 1766 1191 1845 rupibus
1218 1770 1339 1847 agrestis

77 1868 122 1922 est
144 1863 225 1924 silva.
258 1858 391 1923 beredo
413 1864 559 1943 equidem,
582 1887 643 1926 non
666 1865 766 1925 divino
788 1864 940 1938 instinctu,
961 1863 1015 1924 sed
1034 1862 1160 1924 lascivia
1182 1884 1255 1926 esse
1276 1886 1339 1945 pro-

77 1966 189 2034 vectos
212 1965 245 2020 ut
266 1959 378 2038 passim
398 1959 527 2021 hederae
542 1983 578 2023 ac
592 1962 695 2023 vitium
709 1959 783 2020 folia
802 1960 1007 2037 decerperent,
1030 1958 1224 2039 redimitique
1239 1963 1339 2023 fronde

76 2061 141 2115 toto
164 2075 287 2116 nemore
314 2055 427 2116 similes
457 2057 670 2119 bacchantibus
696 2062 884 2134 vagarentur.
920 2051 944 2093 ¹⁶
952 2055 1089 2117 Vocibus
1119 2074 1197 2133 ergo
1225 2064 1273 2121 tot
1292 2059 1340 2119 mi-

76 2151 149 2211 lium
178 2152 347 2229 praesidem
375 2152 507 2214 nemoris
535 2153 599 2215 eius
627 2154 716 2213 deum
744 2152 931 2213 adorantium
958 2151 1029 2230 iuga
1055 2151 1168 2213 montis
1187 2153 1340 2236 collesque

79 2247 269 2322 resonabant,
301 2270 392 2328 quum
420 2259 486 2312 orta
508 2250 628 2311 lieentia
656 2249 810 2328 apaucis,
838 2256 872 2309 ut
900 2251 964 2308 fere
989 2248 1030 2323 fit,
1060 2247 1091 2307 in
1112 2266 1222 2310 curnes
1244 2271 1279 2312 se
1300 2273 1341 2314 re-
1374 2282 1377 2287 ·

78 2354 167 2422 pente
189 2344 350 2422 vulgasset.
382 2343 534 2427 ¹⁷Quippe
555 2346 639 2405 velut
661 2346 690 2405 in
710 2347 808 2407 media
828 2364 903 2424 pace
923 2364 980 2424 per
999 2344 1108 2404 herbas
1127 2354 1342 2430 aggestamque

79 2440 214 2501 frondem
233 2448 426 2520 prostravere
447 2462 586 2521 corpora.
629 2443 666 2503 Et
682 2462 736 2502 rex
757 2443 909 2503 fortuitam
931 2441 1072 2503 laetitiam
1093 2461 1156 2502 nou
1177 2454 1342 2515 aversatus,

77 2537 161 2615 large
180 2538 218 2597 ad
243 2537 346 2615 epulas
369 2540 509 2600 omnibus
530 2539 682 2617 praebitis,
712 2539 892 2618 perdecem
913 2538 978 2599 dies
997 2537 1108 2599 Libero
1136 2540 1218 2617 patri
1239 2561 1344 2621 opera-

78 2641 140 2694 tum
162 2634 264 2693 habuit
284 2634 455 2694 exereitum.
488 2629 598 2710 ¹⁸Quis
624 2642 721 2714 neget,
749 2635 886 2695 eximiam
912 2654 1033 2716 quoque
1062 2633 1190 2713 gloriam
1223 2640 1345 2718 saepius

78 2731 225 2807 fortunae,
248 2750 337 2810 quam
350 2730 467 2792 virtutis
479 2751 546 2791 esse
566 2732 765 2793 beneficium?
801 2733 920 2812 Quippe
941 2751 979 2791 ne
1000 2729 1158 2809 epulantes
1179 2722 1306 2811 quidem
1318 2742 1346 2796 et

77 2828 194 2906 sopitos
208 2846 293 2888 mero
310 2829 431 2906 aggredi
443 2848 534 2889 ausus
551 2834 596 2888 est
608 2829 712 2903 hostis,
731 2829 811 2888 haud
829 2849 917 2890 secus
929 2827 1137 2888 bacchantium
1150 2826 1345 2893 ululantium-

77 2945 136 3007 que
154 2925 273 2985 fremitu
291 2925 478 3004 perterritus,
502 2945 589 3005 quam
612 2925 637 2986 si
660 2925 870 3005 proeliantium
894 2926 1008 2986 clamor
1026 2930 1107 2985 esset
1124 2923 1255 2988 auditus
1290 2929 1345 2989 Ea-

80 3111 254 3160 verhiiltsieh
280 3125 312 3159 zu
332 3110 489 3173 flamma,
520 3114 571 3162 wie
590 3113 632 3162 die
653 3113 768 3162 Ursaehe
789 3126 837 3161 zur
855 3113 991 3174 ll'irkung.
1027 3106 1182 3159 Flamma
1199 3111 1278 3173 giebt
1297 3114 1345 3163 das·

78 3179 134 3226 Bild
157 3179 205 3226 der
231 3179 703 3239 emporlodernden„fenersbrunsh
731 3179 826 3244 ipsis
851 3181 943 3230 eleutet
971 3178 1018 3228 auf
1041 3178 1084 3227 die
1111 3190 1155 3225 am
1175 3178 1280 3241 Boden,
1310 3183 1345 3230 im

77 3245 171 3294 Waldc
187 3246 333 3294 allmahlieb
355 3245 545 3296 fortwirkende
565 3248 665 3295 Gewalt
687 3247 734 3297 des
753 3249 895 3297 Elementa

145 3332 230 3398 8,35,
254 3333 291 3385 11.
331 3335 497 3384 Cruditas
517 3353 553 3386 sc.
584 3339 608 3386 S.
630 3352 662 3386 zu
680 3333 706 3396 6,
727 3334 750 3398 6,
770 3334 810 3386 14.
830 3365 858 3374 —
888 3336 914 3398 8,
935 3334 978 3396 35,
1000 3334 1038 3386 12.
1064 3334 1187 3384 Meron.
1217 3336 1266 3386 Ein
1287 3340 1345 3388 hn-

79 3404 156 3467 klang
174 3418 206 3452 an
225 3405 276 3453 den
296 3405 362 3466 llerg
379 3405 461 3465 hieru,
479 3405 594 3454 welcher
615 3407 674 3454 eine
694 3406 742 3455 der
762 3406 920 3456 berithmten
938 3407 1045 3468 Spitzen
1064 3405 1112 3453 des
1131 3404 1272 3468 Himalaya
1291 3407 1342 3456 bil-

79 3473 131 3520 det.
151 3498 179 3506 -
212 3470 301 3522 Inde.
333 3474 357 3521 S.
378 3473 440 3523 Plin.
458 3474 488 3520 N.
509 3474 537 3522 Η,
556 3470 581 3533 6,
600 3471 643 3532 al,
663 3471 708 3522 23:
735 3489 782 3522 nec
807 3489 858 3522 raon
878 3480 903 3521 et
922 3472 1041 3538 Nysam
1056 3469 1143 3521 urbem
1161 3469 1283 3538 plerique
1299 3474 1345 3523 ln-

78 3538 137 3586 diae
151 3538 291 3599 ascribunt,
308 3546 465 3606 montemque
477 3539 608 3604 Merum,
630 3540 722 3590 hibero
741 3542 815 3610 putri
834 3557 952 3591 sacraria:
966 3540 1052 3590 unde
1069 3539 1165 3604 origo
1183 3538 1347 3603 [obulos.

80 3605 323 3668 forisfemore
351 3607 479 3659 editum.

147 3683 173 3746 8,
191 3683 231 3747 36,
252 3685 290 3737 14.
326 3687 653 3739 Pomorum-sawt.
675 3691 709 3741 Er
726 3691 815 3740 werbe
835 3704 930 3755 sagon:
950 3704 1026 3755 poma
1045 3694 1103 3737 suat
1120 3686 1197 3736 saria
1214 3686 1346 3738 salubris-

80 3770 128 3820 qae
146 3755 232 3804 succi:
259 3754 322 3805 aber
340 3757 388 3805 ‹ler
406 3757 642 3821 Priidicatshegriff
658 3761 718 3823 ging
738 3773 791 3808 von
812 3758 873 3808 dem
892 3757 1088 3820 Hauptsubject
1109 3756 1156 3805 auf
1179 3756 1228 3807 das
1257 3759 1347 3807 daron

79 3825 297 3874 herstammende
321 3820 478 3886 abgeleitete
501 3826 573 3877 iiber.
594 3855 624 3862 -
658 3843 719 3876 sua
736 3833 863 3894 sponte.
896 3827 984 3887 Vergl.
1005 3824 1068 3875 Plio.
1088 3825 1116 3872 N.
1139 3820 1347 3887 u.1o‚5,a7:

77 3892 230 3957 pastinacae
242 3907 319 3941 terrum
332 3908 410 3957 gereres
429 3901 528 3958 agreste
544 3903 661 3961 sponte
678 3895 856 3961 provenit,
876 3892 987 3943 alterum
1002 3891 1134 3940 seritur
1150 3890 1273 3941 radice
1296 3892 1350 3943 cel

30 3958 37 3969 '
78 3961 208 4010 scaniae.
232 3986 260 3996 -
285 3958 380 4009 lauri
401 3959 629 4029 baccarisquc
647 3962 753 4013 arulfo.
779 3964 816 4012 F.:
837 3961 852 4011 l.
872 3961 1015 4027 taceasque
1032 3966 1055 4009 et
1075 3956 1164 4025 multu.

146 4049 230 4115 8,36,
250 4052 291 4103 17.
325 4051 510 4118 Aggeafara.
532 4056 572 4105 R:
593 4061 743 4119 congestam.
767 4078 796 4089 —
824 4060 1058 4120 prostravere.
1079 4052 1122 4102 [ἦε
1138 4056 1346 4117 prostraverant.

81 4148 109 4155 -
133 4119 322 4171 laetitiam.
342 4123 381 4171 F.:
403 4119 539 4171 licentiam.
561 4148 589 4157 -
617 4129 792 4187 operatum
810 4123 879 4171 arach
899 4122 962 4171 dem
982 4120 1182 4183 gewohnlichen
1202 4118 1347 4169 Gehrauch

78 4202 131 4236 von
152 4189 256 4254 operari
275 4190 319 4239 bei
339 4190 387 4238 der
404 4191 574 4252 Vollziehung
592 4190 640 4239 der
656 4191 736 4251 Opfer
756 4191 811 4240 und
830 4191 963 4251 senstiger
980 4189 1091 4251 heiligon
1111 4186 1279 4243 Geortucha
1304 4189 1348 4239 die

79 4257 122 4306 die
142 4256 300 4321 Verehrung
327 4257 382 4306 und
399 4258 621 4320 Verherrlichung
650 4259 724 4307 einer
741 4259 860 4307 Gottheit
883 4258 1052 4307 bezwecken.
1088 4256 1155 4305 Sehr
1172 4254 1279 4305 a'hnllch
1300 4257 1348 4305 Ti-

78 4323 139 4372 bull.
157 4321 181 4382 2,
201 4320 225 4383 6,
244 4322 292 4373 95:
315 4331 375 4372 tune
394 4331 535 4389 operate
553 4322 619 4372 Deo
641 4323 743 4390 pudes
768 4319 1276 4385 discumbetiraharda,1lrboris
1295 4340 1346 4372 arr-

80 4390 166 4453 tiqoae
191 4406 241 4455 qua
259 4390 320 4439 lavis
336 4389 426 4438 ambra
445 4391 523 4440 eadit.
545 4417 572 4426 -
603 4390 733 4441 babuit.
772 4394 799 4442 ln
821 4394 870 4444 der
885 4392 1058 4456 Verbindung
1075 4392 1124 4441 mit
1142 4390 1230 4440 elnam
1249 4393 1347 4453 partie.

79 4458 145 4517 perf.
165 4459 261 4520 depos.
279 4472 344 4522 ganz
362 4472 393 4508 so
410 4459 578 4510 autzufassen
597 4460 648 4510 wls
662 4462 690 4511 in
706 4461 755 4511 der
773 4462 822 4511 mit
839 4463 924 4512 sineru
943 4464 1011 4524 part.
1029 4459 1095 4524 perf,
1122 4470 1193 4522 pass.
1212 4459 1281 4508 oder
1301 4460 1349 4508 mit

81 4526 302 4654 eiqqrnlhdjpctiv
332 4526 398 4577 oder
416 4527 588 4591 participium
609 4542 662 4578 von
684 4530 889 4593 adjectivischer
903 4530 1064 4592 -Bedeutung
1089 4524 1207 4591 (haum,
1233 4526 1349 4583 amn.

84 4606 111 4639 so
135 4605 169 4639 aea
182 4605 223 4638 ura
242 4631 246 4640 .
