<?xml version="1.0" encoding="UTF-8"?>
<!DOCTYPE html PUBLIC "-//W3C//DTD XHTML 1.0 Transitional//EN"
    "http://www.w3.org/TR/xhtml1/DTD/xhtml1-transitional.dtd">
<html xmlns="http://www.w3.org/1999/xhtml" xml:lang="en" lang="en">
 <head>
  <title>
</title>
<meta http-equiv="Content-Type" content="text/html;charset=utf-8" />
  <meta name='ocr-system' content='tesseract 3.04.00' />
  <meta name='ocr-capabilities' content='ocr_page ocr_carea ocr_par ocr_line ocrx_word'/>
</head>
<body>
  <div class='ocr_page' id='page_1' title='image "./qcurtiirufidege00mtgoog_0264.png"; bbox 0 0 2820 4964; ppageno 0'>
   <div class='ocr_carea' id='block_1_1' title="bbox 112 192 903 274">
    <p class='ocr_par' dir='ltr' id='par_1_1' title="bbox 112 192 903 274">
     <span class='ocr_line' id='line_1_1' title="bbox 112 192 903 274; baseline -0.003 -16"><span class='ocrx_word' id='word_1_1' title='bbox 112 192 176 258; x_wconf 74' lang='lat' dir='ltr'><strong>aas</strong></span> <span class='ocrx_word' id='word_1_2' title='bbox 579 194 617 274; x_wconf 82' lang='lat' dir='ltr'><strong>o.</strong></span> <span class='ocrx_word' id='word_1_3' title='bbox 645 192 785 257; x_wconf 84' lang='lat' dir='ltr'><strong>cuarn</strong></span> <span class='ocrx_word' id='word_1_4' title='bbox 806 194 903 258; x_wconf 83' lang='lat' dir='ltr'><strong>narr</strong></span> 
     </span>
    </p>
   </div>
   <div class='ocr_carea' id='block_1_2' title="bbox 113 364 1376 2179">
    <p class='ocr_par' dir='ltr' id='par_1_2' title="bbox 113 364 1376 1119">
     <span class='ocr_line' id='line_1_2' title="bbox 115 364 1376 446; baseline 0.003 -20"><span class='ocrx_word' id='word_1_5' title='bbox 115 384 203 426; x_wconf 88' lang='lat' dir='ltr'><strong>aures</strong></span> <span class='ocrx_word' id='word_1_6' title='bbox 227 364 420 442; x_wconf 79' lang='lat' dir='ltr'>obstrepente</span> <span class='ocrx_word' id='word_1_7' title='bbox 442 364 493 425; x_wconf 82' lang='lat' dir='ltr'><strong>ira.</strong></span> <span class='ocrx_word' id='word_1_8' title='bbox 536 364 638 444; x_wconf 91' lang='lat' dir='ltr'><strong>ltaque</strong></span> <span class='ocrx_word' id='word_1_9' title='bbox 656 365 805 444; x_wconf 84' lang='lat' dir='ltr'><strong>impotens</strong></span> <span class='ocrx_word' id='word_1_10' title='bbox 830 365 919 426; x_wconf 91' lang='lat' dir='ltr'><strong>animi</strong></span> <span class='ocrx_word' id='word_1_11' title='bbox 938 365 1091 444; x_wconf 78' lang='lat' dir='ltr'><strong>procurrit</strong></span> <span class='ocrx_word' id='word_1_12' title='bbox 1110 365 1141 426; x_wconf 94' lang='lat' dir='ltr'><strong>in</strong></span> <span class='ocrx_word' id='word_1_13' title='bbox 1161 366 1265 446; x_wconf 86' lang='lat' dir='ltr'><strong>regiae</strong></span> <span class='ocrx_word' id='word_1_14' title='bbox 1288 369 1376 430; x_wconf 90' lang='lat' dir='ltr'><strong>vesti·</strong></span> 
     </span>
     <span class='ocr_line' id='line_1_3' title="bbox 114 459 1375 543; baseline 0.002 -20"><span class='ocrx_word' id='word_1_15' title='bbox 114 462 233 536; x_wconf 90' lang='lat' dir='ltr'><strong>bulum,</strong></span> <span class='ocrx_word' id='word_1_16' title='bbox 266 468 295 522; x_wconf 90' lang='lat' dir='ltr'><strong>et</strong></span> <span class='ocrx_word' id='word_1_17' title='bbox 317 459 397 539; x_wconf 88' lang='lat' dir='ltr'><strong>vigili</strong></span> <span class='ocrx_word' id='word_1_18' title='bbox 419 460 577 521; x_wconf 75' lang='lat' dir='ltr'>excubanti</span> <span class='ocrx_word' id='word_1_19' title='bbox 595 461 679 521; x_wconf 88' lang='lat' dir='ltr'><strong>basta</strong></span> <span class='ocrx_word' id='word_1_20' title='bbox 701 461 814 536; x_wconf 92' lang='lat' dir='ltr'><strong>ablata,</strong></span> <span class='ocrx_word' id='word_1_21' title='bbox 839 462 973 523; x_wconf 88' lang='lat' dir='ltr'><strong>constitit</strong></span> <span class='ocrx_word' id='word_1_22' title='bbox 992 462 1023 522; x_wconf 95' lang='lat' dir='ltr'><strong>in</strong></span> <span class='ocrx_word' id='word_1_23' title='bbox 1042 462 1138 537; x_wconf 89' lang='lat' dir='ltr'><strong>aditu,</strong></span> <span class='ocrx_word' id='word_1_24' title='bbox 1165 482 1227 543; x_wconf 93' lang='lat' dir='ltr'><strong>quo</strong></span> <span class='ocrx_word' id='word_1_25' title='bbox 1248 483 1375 526; x_wconf 90' lang='lat' dir='ltr'><strong>necesse</strong></span> 
     </span>
     <span class='ocr_line' id='line_1_4' title="bbox 114 555 1375 638; baseline 0.002 -19"><span class='ocrx_word' id='word_1_26' title='bbox 114 565 178 620; x_wconf 90' lang='lat' dir='ltr'><strong>erat</strong></span> <span class='ocrx_word' id='word_1_27' title='bbox 195 559 249 633; x_wconf 88' lang='lat' dir='ltr'><strong>his,</strong></span> <span class='ocrx_word' id='word_1_28' title='bbox 273 557 324 638; x_wconf 93' lang='lat' dir='ltr'><strong>qni</strong></span> <span class='ocrx_word' id='word_1_29' title='bbox 347 557 435 617; x_wconf 88' lang='lat' dir='ltr'><strong>sirnnl</strong></span> <span class='ocrx_word' id='word_1_30' title='bbox 455 563 669 632; x_wconf 78' lang='lat' dir='ltr'><strong>oneraverant,</strong></span> <span class='ocrx_word' id='word_1_31' title='bbox 692 557 804 636; x_wconf 78' lang='lat' dir='ltr'><strong>egredi.</strong></span> <span class='ocrx_word' id='word_1_32' title='bbox 844 555 1026 620; x_wconf 75' lang='lat' dir='ltr'><strong>⁵⁰Abierant</strong></span> <span class='ocrx_word' id='word_1_33' title='bbox 1044 558 1145 619; x_wconf 89' lang='lat' dir='ltr'><strong>ceteri.</strong></span> <span class='ocrx_word' id='word_1_34' title='bbox 1189 560 1289 622; x_wconf 86' lang='lat' dir='ltr'><strong>Clitus</strong></span> <span class='ocrx_word' id='word_1_35' title='bbox 1310 560 1375 622; x_wconf 91' lang='lat' dir='ltr'><strong>nlti-</strong></span> 
     </span>
     <span class='ocr_line' id='line_1_5' title="bbox 113 653 1368 736; baseline 0.002 -20"><span class='ocrx_word' id='word_1_36' title='bbox 113 675 180 716; x_wconf 92' lang='lat' dir='ltr'><strong>rnus</strong></span> <span class='ocrx_word' id='word_1_37' title='bbox 200 655 264 715; x_wconf 91' lang='lat' dir='ltr'><strong>sine</strong></span> <span class='ocrx_word' id='word_1_38' title='bbox 284 653 396 713; x_wconf 90' lang='lat' dir='ltr'><strong>lumine</strong></span> <span class='ocrx_word' id='word_1_39' title='bbox 417 653 524 715; x_wconf 78' lang='lat' dir='ltr'><strong>exibat.</strong></span> <span class='ocrx_word' id='word_1_40' title='bbox 570 655 667 728; x_wconf 88' lang='lat' dir='ltr'><strong>Quem</strong></span> <span class='ocrx_word' id='word_1_41' title='bbox 690 672 752 728; x_wconf 86' lang='lat' dir='ltr'><strong>rex,</strong></span> <span class='ocrx_word' id='word_1_42' title='bbox 773 653 908 734; x_wconf 90' lang='lat' dir='ltr'><strong>quisnam</strong></span> <span class='ocrx_word' id='word_1_43' title='bbox 930 664 1018 732; x_wconf 91' lang='lat' dir='ltr'><strong>esset,</strong></span> <span class='ocrx_word' id='word_1_44' title='bbox 1037 656 1213 736; x_wconf 89' lang='lat' dir='ltr'><strong>interrogat.</strong></span> <span class='ocrx_word' id='word_1_45' title='bbox 1256 658 1368 718; x_wconf 89' lang='lat' dir='ltr'><strong>Emine</strong></span> 
     </span>
     <span class='ocr_line' id='line_1_6' title="bbox 113 747 1373 828; baseline 0.003 -16"><span class='ocrx_word' id='word_1_46' title='bbox 113 753 164 812; x_wconf 91' lang='lat' dir='ltr'><strong>bat</strong></span> <span class='ocrx_word' id='word_1_47' title='bbox 182 751 268 812; x_wconf 90' lang='lat' dir='ltr'><strong>etiam</strong></span> <span class='ocrx_word' id='word_1_48' title='bbox 290 749 319 809; x_wconf 92' lang='lat' dir='ltr'><strong>in</strong></span> <span class='ocrx_word' id='word_1_49' title='bbox 340 770 416 810; x_wconf 92' lang='lat' dir='ltr'><strong>voce</strong></span> <span class='ocrx_word' id='word_1_50' title='bbox 435 749 575 822; x_wconf 90' lang='lat' dir='ltr'><strong>sceleris,</strong></span> <span class='ocrx_word' id='word_1_51' title='bbox 597 749 680 828; x_wconf 91' lang='lat' dir='ltr'><strong>quod</strong></span> <span class='ocrx_word' id='word_1_52' title='bbox 703 750 841 826; x_wconf 89' lang='lat' dir='ltr'><strong>parabat,</strong></span> <span class='ocrx_word' id='word_1_53' title='bbox 863 751 1014 813; x_wconf 78' lang='lat' dir='ltr'>atrocitas.</span> <span class='ocrx_word' id='word_1_54' title='bbox 1051 747 1121 812; x_wconf 80' lang='lat' dir='ltr'><strong>⁵¹Et</strong></span> <span class='ocrx_word' id='word_1_55' title='bbox 1146 751 1198 814; x_wconf 91' lang='lat' dir='ltr'><strong>ille</strong></span> <span class='ocrx_word' id='word_1_56' title='bbox 1227 754 1287 815; x_wconf 90' lang='lat' dir='ltr'><strong>iarn</strong></span> <span class='ocrx_word' id='word_1_57' title='bbox 1316 775 1373 816; x_wconf 93' lang='lat' dir='ltr'><strong>non</strong></span> 
     </span>
     <span class='ocr_line' id='line_1_7' title="bbox 114 844 1371 930; baseline 0.002 -20"><span class='ocrx_word' id='word_1_58' title='bbox 114 869 195 924; x_wconf 91' lang='lat' dir='ltr'><strong>suae,</strong></span> <span class='ocrx_word' id='word_1_59' title='bbox 218 847 271 908; x_wconf 90' lang='lat' dir='ltr'><strong>sed</strong></span> <span class='ocrx_word' id='word_1_60' title='bbox 283 848 363 926; x_wconf 88' lang='lat' dir='ltr'><strong>regis</strong></span> <span class='ocrx_word' id='word_1_61' title='bbox 383 848 443 906; x_wconf 91' lang='lat' dir='ltr'><strong>irae</strong></span> <span class='ocrx_word' id='word_1_62' title='bbox 467 864 590 920; x_wconf 88' lang='lat' dir='ltr'><strong>memor,</strong></span> <span class='ocrx_word' id='word_1_63' title='bbox 611 844 722 905; x_wconf 88' lang='lat' dir='ltr'>Clitum</span> <span class='ocrx_word' id='word_1_64' title='bbox 743 863 810 906; x_wconf 89' lang='lat' dir='ltr'><strong>esse</strong></span> <span class='ocrx_word' id='word_1_65' title='bbox 834 854 864 907; x_wconf 90' lang='lat' dir='ltr'><strong>et</strong></span> <span class='ocrx_word' id='word_1_66' title='bbox 885 847 923 908; x_wconf 88' lang='lat' dir='ltr'><strong>de</strong></span> <span class='ocrx_word' id='word_1_67' title='bbox 942 846 1082 908; x_wconf 88' lang='lat' dir='ltr'><strong>convivio</strong></span> <span class='ocrx_word' id='word_1_68' title='bbox 1103 846 1186 909; x_wconf 89' lang='lat' dir='ltr'><strong>exire</strong></span> <span class='ocrx_word' id='word_1_69' title='bbox 1208 851 1371 930; x_wconf 81' lang='lat' dir='ltr'><strong>respondit</strong></span> 
     </span>
     <span class='ocr_line' id='line_1_8' title="bbox 113 941 1376 1026; baseline 0.001 -21"><span class='ocrx_word' id='word_1_70' title='bbox 113 941 230 1006; x_wconf 74' lang='lat' dir='ltr'><strong>⁵2llaec</strong></span> <span class='ocrx_word' id='word_1_71' title='bbox 251 942 377 1004; x_wconf 88' lang='lat' dir='ltr'><strong>dicentis</strong></span> <span class='ocrx_word' id='word_1_72' title='bbox 395 941 474 1002; x_wconf 89' lang='lat' dir='ltr'><strong>latus</strong></span> <span class='ocrx_word' id='word_1_73' title='bbox 496 942 579 1002; x_wconf 90' lang='lat' dir='ltr'><strong>basta</strong></span> <span class='ocrx_word' id='word_1_74' title='bbox 600 942 745 1002; x_wconf 82' lang='lat' dir='ltr'><strong>transfixit</strong></span> <span class='ocrx_word' id='word_1_75' title='bbox 765 942 979 1024; x_wconf 89' lang='lat' dir='ltr'><strong>morientisque</strong></span> <span class='ocrx_word' id='word_1_76' title='bbox 1005 943 1149 1023; x_wconf 89' lang='lat' dir='ltr'><strong>sanguine</strong></span> <span class='ocrx_word' id='word_1_77' title='bbox 1175 964 1339 1026; x_wconf 86' lang='lat' dir='ltr'><strong>aspersus,</strong></span> <span class='ocrx_word' id='word_1_78' title='bbox 1358 947 1376 1006; x_wconf 91' lang='lat' dir='ltr'><em>I</em></span> 
     </span>
     <span class='ocr_line' id='line_1_9' title="bbox 113 1037 1122 1119; baseline -0.003 -15"><span class='ocrx_word' id='word_1_79' title='bbox 113 1062 206 1117; x_wconf 82' lang='lat' dir='ltr'><strong>nunc,</strong></span> <span class='ocrx_word' id='word_1_80' title='bbox 228 1038 331 1119; x_wconf 87' lang='lat' dir='ltr'><strong>inquit,</strong></span> <span class='ocrx_word' id='word_1_81' title='bbox 354 1038 398 1098; x_wconf 87' lang='lat' dir='ltr'><strong>ad</strong></span> <span class='ocrx_word' id='word_1_82' title='bbox 415 1037 594 1116; x_wconf 75' lang='lat' dir='ltr'><strong>Philippum</strong></span> <span class='ocrx_word' id='word_1_83' title='bbox 614 1046 643 1098; x_wconf 83' lang='lat' dir='ltr'><strong>et</strong></span> <span class='ocrx_word' id='word_1_84' title='bbox 664 1040 900 1099; x_wconf 75' lang='lat' dir='ltr'><strong>Parmenionem</strong></span> <span class='ocrx_word' id='word_1_85' title='bbox 921 1046 952 1099; x_wconf 90' lang='lat' dir='ltr'><strong>et</strong></span> <span class='ocrx_word' id='word_1_86' title='bbox 971 1039 1122 1102; x_wconf 82' lang='lat' dir='ltr'><strong>Attalum.</strong></span> 
     </span>
    </p>

    <p class='ocr_par' dir='ltr' id='par_1_3' title="bbox 113 1127 1372 2179">
     <span class='ocr_line' id='line_1_10' title="bbox 199 1127 1371 1220; baseline 0.003 -25"><span class='ocrx_word' id='word_1_87' title='bbox 199 1137 248 1197; x_wconf 92' lang='lat' dir='ltr'><strong>Vl.</strong></span> <span class='ocrx_word' id='word_1_88' title='bbox 296 1127 425 1194; x_wconf 65' lang='grc' dir='ltr'><strong>111Μ111</strong></span> <span class='ocrx_word' id='word_1_89' title='bbox 444 1134 579 1195; x_wconf 88' lang='lat' dir='ltr'><strong>humanis</strong></span> <span class='ocrx_word' id='word_1_90' title='bbox 605 1134 730 1213; x_wconf 91' lang='lat' dir='ltr'><strong>ingeniis</strong></span> <span class='ocrx_word' id='word_1_91' title='bbox 753 1141 860 1195; x_wconf 90' lang='lat' dir='ltr'><strong>natura</strong></span> <span class='ocrx_word' id='word_1_92' title='bbox 891 1134 1054 1211; x_wconf 90' lang='lat' dir='ltr'><strong>consuluit,</strong></span> <span class='ocrx_word' id='word_1_93' title='bbox 1089 1136 1171 1217; x_wconf 92' lang='lat' dir='ltr'><strong>quod</strong></span> <span class='ocrx_word' id='word_1_94' title='bbox 1194 1137 1371 1220; x_wconf 90' lang='lat' dir='ltr'><strong>plerumque</strong></span> 
     </span>
     <span class='ocr_line' id='line_1_11' title="bbox 113 1230 1371 1313; baseline -0.001 -16"><span class='ocrx_word' id='word_1_95' title='bbox 113 1255 175 1297; x_wconf 92' lang='lat' dir='ltr'><strong>non</strong></span> <span class='ocrx_word' id='word_1_96' title='bbox 190 1236 297 1309; x_wconf 84' lang='lat' dir='ltr'><strong>lutura,</strong></span> <span class='ocrx_word' id='word_1_97' title='bbox 319 1231 373 1294; x_wconf 89' lang='lat' dir='ltr'><strong>sed</strong></span> <span class='ocrx_word' id='word_1_98' title='bbox 388 1235 537 1309; x_wconf 78' lang='lat' dir='ltr'><strong>transacta</strong></span> <span class='ocrx_word' id='word_1_99' title='bbox 551 1230 772 1308; x_wconf 89' lang='lat' dir='ltr'><strong>perpendimus.</strong></span> <span class='ocrx_word' id='word_1_100' title='bbox 802 1231 924 1310; x_wconf 83' lang='lat' dir='ltr'><strong>Quippe</strong></span> <span class='ocrx_word' id='word_1_101' title='bbox 943 1250 1005 1308; x_wconf 84' lang='lat' dir='ltr'><strong>rex,</strong></span> <span class='ocrx_word' id='word_1_102' title='bbox 1027 1238 1188 1313; x_wconf 84' lang='lat' dir='ltr'><strong>postquam</strong></span> <span class='ocrx_word' id='word_1_103' title='bbox 1210 1234 1257 1295; x_wconf 89' lang='lat' dir='ltr'><strong>ira</strong></span> <span class='ocrx_word' id='word_1_104' title='bbox 1279 1243 1371 1296; x_wconf 89' lang='lat' dir='ltr'><strong>mente</strong></span> 
     </span>
     <span class='ocr_line' id='line_1_12' title="bbox 114 1322 1372 1406; baseline -0.002 -12"><span class='ocrx_word' id='word_1_105' title='bbox 114 1333 299 1406; x_wconf 85' lang='lat' dir='ltr'><strong>decesserat,</strong></span> <span class='ocrx_word' id='word_1_106' title='bbox 318 1329 406 1392; x_wconf 89' lang='lat' dir='ltr'><strong>etiam</strong></span> <span class='ocrx_word' id='word_1_107' title='bbox 427 1322 569 1387; x_wconf 85' lang='lat' dir='ltr'><strong>ebrietate</strong></span> <span class='ocrx_word' id='word_1_108' title='bbox 593 1327 744 1400; x_wconf 87' lang='lat' dir='ltr'><strong>discussa,</strong></span> <span class='ocrx_word' id='word_1_109' title='bbox 768 1327 999 1404; x_wconf 86' lang='lat' dir='ltr'><strong>magnitudinem</strong></span> <span class='ocrx_word' id='word_1_110' title='bbox 1022 1328 1164 1390; x_wconf 79' lang='lat' dir='ltr'><strong>facinoris</strong></span> <span class='ocrx_word' id='word_1_111' title='bbox 1196 1348 1268 1391; x_wconf 90' lang='lat' dir='ltr'><strong>sera</strong></span> <span class='ocrx_word' id='word_1_112' title='bbox 1289 1330 1372 1392; x_wconf 91' lang='lat' dir='ltr'><strong>aesti-</strong></span> 
     </span>
     <span class='ocr_line' id='line_1_13' title="bbox 113 1417 1372 1506; baseline -0.003 -15"><span class='ocrx_word' id='word_1_113' title='bbox 113 1430 243 1491; x_wconf 89' lang='lat' dir='ltr'><strong>matione</strong></span> <span class='ocrx_word' id='word_1_114' title='bbox 266 1424 427 1506; x_wconf 84' lang='lat' dir='ltr'><strong>perspexit.</strong></span> <span class='ocrx_word' id='word_1_115' title='bbox 469 1417 620 1483; x_wconf 81' lang='lat' dir='ltr'><strong>²Videbat</strong></span> <span class='ocrx_word' id='word_1_116' title='bbox 641 1430 712 1484; x_wconf 94' lang='lat' dir='ltr'><strong>tunc</strong></span> <span class='ocrx_word' id='word_1_117' title='bbox 736 1422 896 1484; x_wconf 87' lang='lat' dir='ltr'><strong>immodica</strong></span> <span class='ocrx_word' id='word_1_118' title='bbox 916 1423 1053 1486; x_wconf 88' lang='lat' dir='ltr'><strong>libertate</strong></span> <span class='ocrx_word' id='word_1_119' title='bbox 1069 1425 1206 1501; x_wconf 87' lang='lat' dir='ltr'><strong>abusum,</strong></span> <span class='ocrx_word' id='word_1_120' title='bbox 1229 1426 1285 1487; x_wconf 91' lang='lat' dir='ltr'><strong>sed</strong></span> <span class='ocrx_word' id='word_1_121' title='bbox 1304 1427 1372 1488; x_wconf 82' lang='lat' dir='ltr'><strong>alio</strong></span> 
     </span>
     <span class='ocr_line' id='line_1_14' title="bbox 114 1517 1372 1610; baseline -0.004 -22"><span class='ocrx_word' id='word_1_122' title='bbox 114 1528 185 1610; x_wconf 93' lang='lat' dir='ltr'><strong>quin</strong></span> <span class='ocrx_word' id='word_1_123' title='bbox 207 1524 359 1605; x_wconf 82' lang='lat' dir='ltr'><strong>egregium</strong></span> <span class='ocrx_word' id='word_1_124' title='bbox 382 1519 465 1580; x_wconf 89' lang='lat' dir='ltr'><strong>bello</strong></span> <span class='ocrx_word' id='word_1_125' title='bbox 487 1519 600 1594; x_wconf 86' lang='lat' dir='ltr'><strong>virum,</strong></span> <span class='ocrx_word' id='word_1_126' title='bbox 629 1528 659 1580; x_wconf 89' lang='lat' dir='ltr'><strong>et</strong></span> <span class='ocrx_word' id='word_1_127' title='bbox 679 1519 736 1579; x_wconf 90' lang='lat' dir='ltr'><strong>nisi</strong></span> <span class='ocrx_word' id='word_1_128' title='bbox 755 1517 948 1580; x_wconf 82' lang='lat' dir='ltr'><strong>erubesceret</strong></span> <span class='ocrx_word' id='word_1_129' title='bbox 971 1520 1072 1597; x_wconf 85' lang='lat' dir='ltr'><strong>fateri,</strong></span> <span class='ocrx_word' id='word_1_130' title='bbox 1101 1527 1290 1584; x_wconf 83' lang='lat' dir='ltr'><strong>servatorem</strong></span> <span class='ocrx_word' id='word_1_131' title='bbox 1319 1523 1372 1597; x_wconf 86' lang='lat' dir='ltr'><strong>sni,</strong></span> 
     </span>
     <span class='ocr_line' id='line_1_15' title="bbox 113 1615 1371 1696; baseline -0.006 -10"><span class='ocrx_word' id='word_1_132' title='bbox 113 1624 256 1686; x_wconf 90' lang='lat' dir='ltr'><strong>occisum.</strong></span> <span class='ocrx_word' id='word_1_133' title='bbox 300 1616 483 1681; x_wconf 85' lang='lat' dir='ltr'><strong>Detestabile</strong></span> <span class='ocrx_word' id='word_1_134' title='bbox 506 1616 653 1676; x_wconf 87' lang='lat' dir='ltr'><strong>carnificis</strong></span> <span class='ocrx_word' id='word_1_135' title='bbox 680 1615 874 1676; x_wconf 89' lang='lat' dir='ltr'><strong>ministerium</strong></span> <span class='ocrx_word' id='word_1_136' title='bbox 899 1625 1101 1696; x_wconf 89' lang='lat' dir='ltr'><strong>occupaverat</strong></span> <span class='ocrx_word' id='word_1_137' title='bbox 1120 1637 1183 1695; x_wconf 83' lang='lat' dir='ltr'><strong>rex,</strong></span> <span class='ocrx_word' id='word_1_138' title='bbox 1211 1621 1371 1682; x_wconf 89' lang='lat' dir='ltr'><strong>verborum</strong></span> 
     </span>
     <span class='ocr_line' id='line_1_16' title="bbox 113 1710 1372 1798; baseline -0.003 -17"><span class='ocrx_word' id='word_1_139' title='bbox 113 1720 271 1792; x_wconf 88' lang='lat' dir='ltr'><strong>licentiam,</strong></span> <span class='ocrx_word' id='word_1_140' title='bbox 295 1738 371 1798; x_wconf 89' lang='lat' dir='ltr'><strong>quae</strong></span> <span class='ocrx_word' id='word_1_141' title='bbox 392 1716 462 1776; x_wconf 93' lang='lat' dir='ltr'><strong>vino</strong></span> <span class='ocrx_word' id='word_1_142' title='bbox 485 1718 603 1793; x_wconf 88' lang='lat' dir='ltr'><strong>poterat</strong></span> <span class='ocrx_word' id='word_1_143' title='bbox 625 1710 781 1789; x_wconf 89' lang='lat' dir='ltr'><strong>imputari,</strong></span> <span class='ocrx_word' id='word_1_144' title='bbox 804 1712 932 1772; x_wconf 86' lang='lat' dir='ltr'><strong>nefanda</strong></span> <span class='ocrx_word' id='word_1_145' title='bbox 954 1714 1046 1774; x_wconf 90' lang='lat' dir='ltr'><strong>caede</strong></span> <span class='ocrx_word' id='word_1_146' title='bbox 1076 1715 1166 1776; x_wconf 80' lang='lat' dir='ltr'><strong>ultus.</strong></span> <span class='ocrx_word' id='word_1_147' title='bbox 1212 1711 1372 1777; x_wconf 80' lang='lat' dir='ltr'><strong>³Manabat</strong></span> 
     </span>
     <span class='ocr_line' id='line_1_17' title="bbox 113 1806 1370 1891; baseline -0.004 -14"><span class='ocrx_word' id='word_1_148' title='bbox 113 1823 178 1878; x_wconf 91' lang='lat' dir='ltr'><strong>toto</strong></span> <span class='ocrx_word' id='word_1_149' title='bbox 198 1813 346 1874; x_wconf 89' lang='lat' dir='ltr'><strong>vestibulo</strong></span> <span class='ocrx_word' id='word_1_150' title='bbox 369 1829 460 1871; x_wconf 89' lang='lat' dir='ltr'><strong>cruor</strong></span> <span class='ocrx_word' id='word_1_151' title='bbox 481 1807 573 1887; x_wconf 90' lang='lat' dir='ltr'><strong>paulo</strong></span> <span class='ocrx_word' id='word_1_152' title='bbox 596 1812 663 1866; x_wconf 92' lang='lat' dir='ltr'><strong>ante</strong></span> <span class='ocrx_word' id='word_1_153' title='bbox 680 1808 839 1868; x_wconf 88' lang='lat' dir='ltr'><strong>convivae:</strong></span> <span class='ocrx_word' id='word_1_154' title='bbox 862 1808 969 1887; x_wconf 89' lang='lat' dir='ltr'><strong>vigiles</strong></span> <span class='ocrx_word' id='word_1_155' title='bbox 992 1810 1108 1871; x_wconf 88' lang='lat' dir='ltr'><strong>attoniti</strong></span> <span class='ocrx_word' id='word_1_156' title='bbox 1130 1817 1161 1871; x_wconf 92' lang='lat' dir='ltr'><strong>et</strong></span> <span class='ocrx_word' id='word_1_157' title='bbox 1181 1806 1370 1891; x_wconf 83' lang='lat' dir='ltr'><strong>stupentibus</strong></span> 
     </span>
     <span class='ocr_line' id='line_1_18' title="bbox 113 1902 1369 1988; baseline -0.002 -16"><span class='ocrx_word' id='word_1_158' title='bbox 113 1911 224 1972; x_wconf 84' lang='lat' dir='ltr'><strong>similes</strong></span> <span class='ocrx_word' id='word_1_159' title='bbox 248 1909 353 1988; x_wconf 90' lang='lat' dir='ltr'><strong>procul</strong></span> <span class='ocrx_word' id='word_1_160' title='bbox 372 1906 505 1978; x_wconf 89' lang='lat' dir='ltr'><strong>stabant,</strong></span> <span class='ocrx_word' id='word_1_161' title='bbox 528 1902 762 1984; x_wconf 89' lang='lat' dir='ltr'><strong>liberioremque</strong></span> <span class='ocrx_word' id='word_1_162' title='bbox 792 1905 1005 1984; x_wconf 90' lang='lat' dir='ltr'><strong>poenitentiam</strong></span> <span class='ocrx_word' id='word_1_163' title='bbox 1033 1906 1167 1969; x_wconf 88' lang='lat' dir='ltr'><strong>solitudo</strong></span> <span class='ocrx_word' id='word_1_164' title='bbox 1194 1908 1369 1987; x_wconf 84' lang='lat' dir='ltr'><strong>excipiebat</strong></span> 
     </span>
     <span class='ocr_line' id='line_1_19' title="bbox 113 1998 1369 2086; baseline -0.001 -19"><span class='ocrx_word' id='word_1_165' title='bbox 113 2003 212 2084; x_wconf 61' lang='lat' dir='ltr'><strong>lErgo</strong></span> <span class='ocrx_word' id='word_1_166' title='bbox 234 2007 347 2064; x_wconf 89' lang='lat' dir='ltr'><strong>hastam</strong></span> <span class='ocrx_word' id='word_1_167' title='bbox 370 2021 407 2062; x_wconf 83' lang='lat' dir='ltr'><strong>ex</strong></span> <span class='ocrx_word' id='word_1_168' title='bbox 429 2018 560 2079; x_wconf 89' lang='lat' dir='ltr'><strong>corpore</strong></span> <span class='ocrx_word' id='word_1_169' title='bbox 591 1998 715 2059; x_wconf 87' lang='lat' dir='ltr'><strong>iacentis</strong></span> <span class='ocrx_word' id='word_1_170' title='bbox 742 2000 873 2062; x_wconf 90' lang='lat' dir='ltr'><strong>evolsam</strong></span> <span class='ocrx_word' id='word_1_171' title='bbox 904 2003 1027 2064; x_wconf 87' lang='lat' dir='ltr'><strong>retorsit</strong></span> <span class='ocrx_word' id='word_1_172' title='bbox 1051 2004 1082 2063; x_wconf 94' lang='lat' dir='ltr'><strong>in</strong></span> <span class='ocrx_word' id='word_1_173' title='bbox 1113 2010 1225 2077; x_wconf 79' lang='lat' dir='ltr'><strong>semet3</strong></span> <span class='ocrx_word' id='word_1_174' title='bbox 1255 2005 1369 2086; x_wconf 87' lang='lat' dir='ltr'><strong>iamque</strong></span> 
     </span>
     <span class='ocr_line' id='line_1_20' title="bbox 113 2095 1370 2179; baseline -0.002 -15"><span class='ocrx_word' id='word_1_175' title='bbox 113 2104 286 2164; x_wconf 90' lang='lat' dir='ltr'><strong>admoverat</strong></span> <span class='ocrx_word' id='word_1_176' title='bbox 307 2097 440 2179; x_wconf 89' lang='lat' dir='ltr'><strong>pectori,</strong></span> <span class='ocrx_word' id='word_1_177' title='bbox 467 2117 559 2176; x_wconf 89' lang='lat' dir='ltr'><strong>quum</strong></span> <span class='ocrx_word' id='word_1_178' title='bbox 585 2095 727 2155; x_wconf 90' lang='lat' dir='ltr'><strong>advolant</strong></span> <span class='ocrx_word' id='word_1_179' title='bbox 748 2097 852 2176; x_wconf 88' lang='lat' dir='ltr'><strong>vigiles</strong></span> <span class='ocrx_word' id='word_1_180' title='bbox 880 2105 910 2158; x_wconf 89' lang='lat' dir='ltr'><strong>et</strong></span> <span class='ocrx_word' id='word_1_181' title='bbox 929 2101 1107 2178; x_wconf 80' lang='lat' dir='ltr'><strong>repugnanti</strong></span> <span class='ocrx_word' id='word_1_182' title='bbox 1127 2121 1144 2162; x_wconf 92' lang='lat' dir='ltr'><strong>e</strong></span> <span class='ocrx_word' id='word_1_183' title='bbox 1167 2100 1307 2163; x_wconf 89' lang='lat' dir='ltr'><strong>manibus</strong></span> <span class='ocrx_word' id='word_1_184' title='bbox 1325 2122 1370 2162; x_wconf 86' lang='lat' dir='ltr'><strong>ex-</strong></span> 
     </span>
    </p>
   </div>
   <div class='ocr_carea' id='block_1_3' title="bbox 112 2191 1370 2493">
    <p class='ocr_par' dir='ltr' id='par_1_4' title="bbox 112 2191 1370 2493">
     <span class='ocr_line' id='line_1_21' title="bbox 113 2191 1370 2280; baseline -0.003 -18"><span class='ocrx_word' id='word_1_185' title='bbox 113 2203 255 2280; x_wconf 91' lang='lat' dir='ltr'><strong>torquent</strong></span> <span class='ocrx_word' id='word_1_186' title='bbox 278 2196 496 2274; x_wconf 86' lang='lat' dir='ltr'><strong>allevatnrnque</strong></span> <span class='ocrx_word' id='word_1_187' title='bbox 516 2192 546 2251; x_wconf 93' lang='lat' dir='ltr'><strong>in</strong></span> <span class='ocrx_word' id='word_1_188' title='bbox 570 2192 794 2253; x_wconf 89' lang='lat' dir='ltr'><strong>tabernaculum</strong></span> <span class='ocrx_word' id='word_1_189' title='bbox 818 2194 964 2256; x_wconf 89' lang='lat' dir='ltr'><strong>deferunt.</strong></span> <span class='ocrx_word' id='word_1_190' title='bbox 1009 2191 1182 2257; x_wconf 69' lang='grc' dir='ltr'><strong>Ι11111111111111</strong></span> <span class='ocrx_word' id='word_1_191' title='bbox 1202 2206 1370 2277; x_wconf 82' lang='lat' dir='ltr'><strong>prostrave-</strong></span> 
     </span>
     <span class='ocr_line' id='line_1_22' title="bbox 113 2288 1369 2373; baseline -0.002 -17"><span class='ocrx_word' id='word_1_192' title='bbox 113 2303 158 2356; x_wconf 89' lang='lat' dir='ltr'><strong>rat</strong></span> <span class='ocrx_word' id='word_1_193' title='bbox 177 2313 307 2372; x_wconf 84' lang='lat' dir='ltr'><strong>eorpuS,</strong></span> <span class='ocrx_word' id='word_1_194' title='bbox 332 2290 443 2370; x_wconf 88' lang='lat' dir='ltr'><strong>gemitu</strong></span> <span class='ocrx_word' id='word_1_195' title='bbox 465 2288 635 2368; x_wconf 86' lang='lat' dir='ltr'><strong>eiulatuque</strong></span> <span class='ocrx_word' id='word_1_196' title='bbox 658 2288 822 2349; x_wconf 89' lang='lat' dir='ltr'><strong>miserabili</strong></span> <span class='ocrx_word' id='word_1_197' title='bbox 847 2295 940 2350; x_wconf 87' lang='lat' dir='ltr'><strong>totam</strong></span> <span class='ocrx_word' id='word_1_198' title='bbox 960 2311 1125 2368; x_wconf 90' lang='lat' dir='ltr'><strong>personans</strong></span> <span class='ocrx_word' id='word_1_199' title='bbox 1150 2294 1275 2373; x_wconf 86' lang='lat' dir='ltr'><strong>regiam.</strong></span> <span class='ocrx_word' id='word_1_200' title='bbox 1319 2297 1369 2356; x_wconf 87' lang='lat' dir='ltr'><strong>La-</strong></span> 
     </span>
     <span class='ocr_line' id='line_1_23' title="bbox 112 2383 1368 2493; baseline -0.003 -39"><span class='ocrx_word' id='word_1_201' title='bbox 112 2395 195 2454; x_wconf 88' lang='lat' dir='ltr'><strong>niare</strong></span> <span class='ocrx_word' id='word_1_202' title='bbox 215 2389 322 2450; x_wconf 89' lang='lat' dir='ltr'><strong>deinde</strong></span> <span class='ocrx_word' id='word_1_203' title='bbox 344 2407 380 2448; x_wconf 91' lang='lat' dir='ltr'><strong>os</strong></span> <span class='ocrx_word' id='word_1_204' title='bbox 400 2385 549 2464; x_wconf 92' lang='lat' dir='ltr'><strong>unguibus</strong></span> <span class='ocrx_word' id='word_1_205' title='bbox 571 2391 601 2444; x_wconf 91' lang='lat' dir='ltr'><strong>et</strong></span> <span class='ocrx_word' id='word_1_206' title='bbox 620 2383 846 2445; x_wconf 88' lang='lat' dir='ltr'><strong>circumstantes</strong></span> <span class='ocrx_word' id='word_1_207' title='bbox 866 2405 983 2464; x_wconf 89' lang='lat' dir='ltr'><strong>rogare,</strong></span> <span class='ocrx_word' id='word_1_208' title='bbox 1006 2407 1044 2448; x_wconf 92' lang='lat' dir='ltr'><strong>ne</strong></span> <span class='ocrx_word' id='word_1_209' title='bbox 1066 2408 1100 2450; x_wconf 91' lang='lat' dir='ltr'><strong>se</strong></span> <span class='ocrx_word' id='word_1_210' title='bbox 1121 2396 1205 2450; x_wconf 87' lang='lat' dir='ltr'><strong>tanto</strong></span> <span class='ocrx_word' id='word_1_211' title='bbox 1229 2390 1368 2493; x_wconf 75' lang='lat' dir='ltr'><strong>dedpoori</strong></span> 
     </span>
    </p>
   </div>
   <div class='ocr_carea' id='block_1_4' title="bbox 112 2474 1369 3432">
    <p class='ocr_par' dir='ltr' id='par_1_5' title="bbox 112 2474 1369 3432">
     <span class='ocr_line' id='line_1_24' title="bbox 113 2474 1368 2567; baseline -0.018 -16"><span class='ocrx_word' id='word_1_212' title='bbox 113 2487 304 2567; x_wconf 89' lang='lat' dir='ltr'><strong>superstitem</strong></span> <span class='ocrx_word' id='word_1_213' title='bbox 325 2502 391 2544; x_wconf 87' lang='lat' dir='ltr'><strong>esse</strong></span> <span class='ocrx_word' id='word_1_214' title='bbox 412 2488 593 2560; x_wconf 89' lang='lat' dir='ltr'><strong>paterentur.</strong></span> <span class='ocrx_word' id='word_1_215' title='bbox 639 2474 739 2540; x_wconf 79' lang='lat' dir='ltr'><strong>⁶lnter</strong></span> <span class='ocrx_word' id='word_1_216' title='bbox 764 2482 816 2542; x_wconf 84' lang='lat' dir='ltr'><strong>bas</strong></span> <span class='ocrx_word' id='word_1_217' title='bbox 840 2502 947 2559; x_wconf 86' lang='lat' dir='ltr'><strong>preces</strong></span> <span class='ocrx_word' id='word_1_218' title='bbox 975 2490 1038 2544; x_wconf 90' lang='lat' dir='ltr'><strong>tota</strong></span> <span class='ocrx_word' id='word_1_219' title='bbox 1064 2505 1127 2546; x_wconf 82' lang='lat' dir='ltr'><strong>nox</strong></span> <span class='ocrx_word' id='word_1_220' title='bbox 1157 2474 1368 2549; x_wconf 49' lang='lat' dir='ltr'><strong>altisonus„</strong></span> 
     </span>
     <span class='ocr_line' id='line_1_25' title="bbox 113 2572 1369 2661; baseline -0.003 -15"><span class='ocrx_word' id='word_1_221' title='bbox 113 2586 371 2661; x_wconf 87' lang='lat' dir='ltr'><strong>Scrutantenrque,</strong></span> <span class='ocrx_word' id='word_1_222' title='bbox 394 2599 465 2639; x_wconf 90' lang='lat' dir='ltr'><strong>num</strong></span> <span class='ocrx_word' id='word_1_223' title='bbox 485 2572 529 2638; x_wconf 83' lang='lat' dir='ltr'><strong>ira</strong></span> <span class='ocrx_word' id='word_1_224' title='bbox 554 2577 679 2637; x_wconf 91' lang='lat' dir='ltr'><strong>deorum</strong></span> <span class='ocrx_word' id='word_1_225' title='bbox 700 2577 737 2636; x_wconf 93' lang='lat' dir='ltr'><strong>ad</strong></span> <span class='ocrx_word' id='word_1_226' title='bbox 761 2584 875 2638; x_wconf 90' lang='lat' dir='ltr'><strong>tantum</strong></span> <span class='ocrx_word' id='word_1_227' title='bbox 896 2579 980 2639; x_wconf 88' lang='lat' dir='ltr'><strong>nefas</strong></span> <span class='ocrx_word' id='word_1_228' title='bbox 1003 2591 1087 2642; x_wconf 88' lang='lat' dir='ltr'><strong>actus</strong></span> <span class='ocrx_word' id='word_1_229' title='bbox 1108 2588 1197 2658; x_wconf 88' lang='lat' dir='ltr'><strong>esset,</strong></span> <span class='ocrx_word' id='word_1_230' title='bbox 1220 2585 1304 2646; x_wconf 91' lang='lat' dir='ltr'><strong>subit</strong></span> <span class='ocrx_word' id='word_1_231' title='bbox 1324 2603 1369 2645; x_wconf 90' lang='lat' dir='ltr'><strong>an-</strong></span> 
     </span>
     <span class='ocr_line' id='line_1_26' title="bbox 114 2674 1368 2760; baseline -0.003 -20"><span class='ocrx_word' id='word_1_232' title='bbox 114 2679 312 2740; x_wconf 87' lang='lat' dir='ltr'><strong>niversarium</strong></span> <span class='ocrx_word' id='word_1_233' title='bbox 333 2675 513 2738; x_wconf 89' lang='lat' dir='ltr'><strong>sacrificinm</strong></span> <span class='ocrx_word' id='word_1_234' title='bbox 531 2674 641 2734; x_wconf 89' lang='lat' dir='ltr'><strong>Libero</strong></span> <span class='ocrx_word' id='word_1_235' title='bbox 661 2674 738 2751; x_wconf 88' lang='lat' dir='ltr'><strong>patri</strong></span> <span class='ocrx_word' id='word_1_236' title='bbox 757 2692 819 2733; x_wconf 94' lang='lat' dir='ltr'><strong>non</strong></span> <span class='ocrx_word' id='word_1_237' title='bbox 841 2694 907 2735; x_wconf 89' lang='lat' dir='ltr'><strong>esse</strong></span> <span class='ocrx_word' id='word_1_238' title='bbox 926 2675 1073 2736; x_wconf 89' lang='lat' dir='ltr'><strong>redditum</strong></span> <span class='ocrx_word' id='word_1_239' title='bbox 1094 2683 1206 2739; x_wconf 87' lang='lat' dir='ltr'><strong>statuto</strong></span> <span class='ocrx_word' id='word_1_240' title='bbox 1227 2686 1368 2760; x_wconf 89' lang='lat' dir='ltr'><strong>ternpore.</strong></span> 
     </span>
     <span class='ocr_line' id='line_1_27' title="bbox 113 2769 1367 2856; baseline -0.009 -19"><span class='ocrx_word' id='word_1_241' title='bbox 113 2781 215 2856; x_wconf 89' lang='lat' dir='ltr'><strong>ltaque</strong></span> <span class='ocrx_word' id='word_1_242' title='bbox 227 2774 303 2833; x_wconf 88' lang='lat' dir='ltr'><strong>inter</strong></span> <span class='ocrx_word' id='word_1_243' title='bbox 315 2773 414 2833; x_wconf 91' lang='lat' dir='ltr'><strong>vinnm</strong></span> <span class='ocrx_word' id='word_1_244' title='bbox 436 2778 465 2831; x_wconf 90' lang='lat' dir='ltr'><strong>et</strong></span> <span class='ocrx_word' id='word_1_245' title='bbox 485 2769 589 2848; x_wconf 86' lang='lat' dir='ltr'><strong>epulas</strong></span> <span class='ocrx_word' id='word_1_246' title='bbox 610 2770 702 2829; x_wconf 87' lang='lat' dir='ltr'><strong>caede</strong></span> <span class='ocrx_word' id='word_1_247' title='bbox 722 2770 889 2845; x_wconf 90' lang='lat' dir='ltr'><strong>commissa,</strong></span> <span class='ocrx_word' id='word_1_248' title='bbox 911 2772 983 2831; x_wconf 89' lang='lat' dir='ltr'><strong>iram</strong></span> <span class='ocrx_word' id='word_1_249' title='bbox 1004 2772 1052 2832; x_wconf 89' lang='lat' dir='ltr'><strong>dei</strong></span> <span class='ocrx_word' id='word_1_250' title='bbox 1071 2773 1164 2835; x_wconf 83' lang='lat' dir='ltr'><strong>tuisse</strong></span> <span class='ocrx_word' id='word_1_251' title='bbox 1176 2775 1367 2837; x_wconf 66' lang='lat' dir='ltr'><strong>manifestam,</strong></span> 
     </span>
     <span class='ocr_line' id='line_1_28' title="bbox 114 2865 1369 2946; baseline -0.012 -12"><span class='ocrx_word' id='word_1_252' title='bbox 114 2873 274 2933; x_wconf 83' lang='lat' dir='ltr'><strong>⁷Ceterum</strong></span> <span class='ocrx_word' id='word_1_253' title='bbox 295 2867 388 2946; x_wconf 86' lang='lat' dir='ltr'><strong>magis</strong></span> <span class='ocrx_word' id='word_1_254' title='bbox 412 2887 449 2927; x_wconf 91' lang='lat' dir='ltr'><strong>eo</strong></span> <span class='ocrx_word' id='word_1_255' title='bbox 469 2865 653 2941; x_wconf 86' lang='lat' dir='ltr'><strong>movebatur,</strong></span> <span class='ocrx_word' id='word_1_256' title='bbox 677 2866 908 2946; x_wconf 88' lang='lat' dir='ltr'><strong>quodomnium</strong></span> <span class='ocrx_word' id='word_1_257' title='bbox 933 2869 1098 2932; x_wconf 89' lang='lat' dir='ltr'><strong>amicorum</strong></span> <span class='ocrx_word' id='word_1_258' title='bbox 1118 2870 1236 2933; x_wconf 85' lang='lat' dir='ltr'><strong>animos</strong></span> <span class='ocrx_word' id='word_1_259' title='bbox 1253 2873 1369 2933; x_wconf 58' lang='lat' dir='ltr'><strong>videbat</strong></span> 
     </span>
     <span class='ocr_line' id='line_1_29' title="bbox 113 2962 1368 3042; baseline -0.001 -13"><span class='ocrx_word' id='word_1_260' title='bbox 113 2966 270 3028; x_wconf 90' lang='lat' dir='ltr'><strong>attonitos:</strong></span> <span class='ocrx_word' id='word_1_261' title='bbox 292 2963 519 3024; x_wconf 89' lang='lat' dir='ltr'><strong>neminemcum</strong></span> <span class='ocrx_word' id='word_1_262' title='bbox 540 2962 608 3039; x_wconf 85' lang='lat' dir='ltr'><strong>ipso</strong></span> <span class='ocrx_word' id='word_1_263' title='bbox 631 2962 747 3023; x_wconf 87' lang='lat' dir='ltr'><strong>sociare</strong></span> <span class='ocrx_word' id='word_1_264' title='bbox 769 2981 938 3023; x_wconf 88' lang='lat' dir='ltr'><strong>sermonem</strong></span> <span class='ocrx_word' id='word_1_265' title='bbox 962 2970 1070 3042; x_wconf 90' lang='lat' dir='ltr'><strong>postea</strong></span> <span class='ocrx_word' id='word_1_266' title='bbox 1087 2984 1248 3029; x_wconf 88' lang='lat' dir='ltr'><strong>ausurum:</strong></span> <span class='ocrx_word' id='word_1_267' title='bbox 1271 2970 1368 3029; x_wconf 90' lang='lat' dir='ltr'><strong>viven-</strong></span> 
     </span>
     <span class='ocr_line' id='line_1_30' title="bbox 114 3057 1367 3138; baseline -0.013 -14"><span class='ocrx_word' id='word_1_268' title='bbox 114 3066 184 3124; x_wconf 92' lang='lat' dir='ltr'><strong>dum</strong></span> <span class='ocrx_word' id='word_1_269' title='bbox 204 3079 270 3119; x_wconf 91' lang='lat' dir='ltr'><strong>esse</strong></span> <span class='ocrx_word' id='word_1_270' title='bbox 293 3061 323 3117; x_wconf 92' lang='grc'><strong>111</strong></span> <span class='ocrx_word' id='word_1_271' title='bbox 345 3057 506 3118; x_wconf 88' lang='lat' dir='ltr'><strong>solitudine</strong></span> <span class='ocrx_word' id='word_1_272' title='bbox 526 3057 608 3117; x_wconf 91' lang='lat' dir='ltr'><strong>velut</strong></span> <span class='ocrx_word' id='word_1_273' title='bbox 631 3058 712 3119; x_wconf 87' lang='lat' dir='ltr'><strong>ferae</strong></span> <span class='ocrx_word' id='word_1_274' title='bbox 735 3059 866 3135; x_wconf 87' lang='lat' dir='ltr'><strong>bestiae,</strong></span> <span class='ocrx_word' id='word_1_275' title='bbox 895 3061 1019 3121; x_wconf 84' lang='lat' dir='ltr'><strong>terrenti</strong></span> <span class='ocrx_word' id='word_1_276' title='bbox 1040 3060 1129 3138; x_wconf 83' lang='lat' dir='ltr'><strong>alias,</strong></span> <span class='ocrx_word' id='word_1_277' title='bbox 1151 3062 1226 3125; x_wconf 75' lang='lat' dir='ltr'><strong>alias</strong></span> <span class='ocrx_word' id='word_1_278' title='bbox 1249 3063 1367 3125; x_wconf 58' lang='lat' dir='ltr'><strong>timenti,</strong></span> 
     </span>
     <span class='ocr_line' id='line_1_31' title="bbox 112 3152 1368 3235; baseline -0.015 -15"><span class='ocrx_word' id='word_1_279' title='bbox 112 3158 234 3219; x_wconf 80' lang='lat' dir='ltr'><strong>8Prima</strong></span> <span class='ocrx_word' id='word_1_280' title='bbox 256 3153 362 3212; x_wconf 91' lang='lat' dir='ltr'><strong>deinde</strong></span> <span class='ocrx_word' id='word_1_281' title='bbox 383 3152 451 3211; x_wconf 92' lang='lat' dir='ltr'><strong>luce</strong></span> <span class='ocrx_word' id='word_1_282' title='bbox 470 3152 663 3213; x_wconf 91' lang='lat' dir='ltr'><strong>tabernaculo</strong></span> <span class='ocrx_word' id='word_1_283' title='bbox 687 3173 808 3231; x_wconf 90' lang='lat' dir='ltr'><strong>corpus,</strong></span> <span class='ocrx_word' id='word_1_284' title='bbox 828 3155 908 3216; x_wconf 89' lang='lat' dir='ltr'><strong>sicut</strong></span> <span class='ocrx_word' id='word_1_285' title='bbox 926 3158 1023 3217; x_wconf 87' lang='lat' dir='ltr'><strong>adhuc</strong></span> <span class='ocrx_word' id='word_1_286' title='bbox 1044 3163 1201 3225; x_wconf 80' lang='lat' dir='ltr'><strong>cruentum</strong></span> <span class='ocrx_word' id='word_1_287' title='bbox 1223 3166 1297 3235; x_wconf 51' lang='lat' dir='ltr'><strong>ms,</strong></span> <span class='ocrx_word' id='word_1_288' title='bbox 1314 3161 1368 3220; x_wconf 52' lang='lat' dir='ltr'><strong>ius„</strong></span> 
     </span>
     <span class='ocr_line' id='line_1_32' title="bbox 113 3248 1367 3345; baseline -0.018 -30"><span class='ocrx_word' id='word_1_289' title='bbox 113 3255 151 3314; x_wconf 89' lang='lat' dir='ltr'><strong>sit</strong></span> <span class='ocrx_word' id='word_1_290' title='bbox 173 3249 284 3312; x_wconf 81' lang='lat' dir='ltr'><strong>inferri.</strong></span> <span class='ocrx_word' id='word_1_291' title='bbox 329 3253 398 3328; x_wconf 82' lang='lat' dir='ltr'><strong>Quo</strong></span> <span class='ocrx_word' id='word_1_292' title='bbox 415 3248 516 3326; x_wconf 91' lang='lat' dir='ltr'><strong>posito</strong></span> <span class='ocrx_word' id='word_1_293' title='bbox 537 3257 604 3308; x_wconf 91' lang='lat' dir='ltr'><strong>ante</strong></span> <span class='ocrx_word' id='word_1_294' title='bbox 627 3248 733 3333; x_wconf 87' lang='lat' dir='ltr'><strong>ipsum,</strong></span> <span class='ocrx_word' id='word_1_295' title='bbox 755 3249 885 3311; x_wconf 84' lang='lat' dir='ltr'><strong>lacrimis</strong></span> <span class='ocrx_word' id='word_1_296' title='bbox 906 3251 1031 3326; x_wconf 88' lang='lat' dir='ltr'><strong>obortis,</strong></span> <span class='ocrx_word' id='word_1_297' title='bbox 1055 3255 1158 3331; x_wconf 74' lang='lat' dir='ltr'><strong>Hanc,</strong></span> <span class='ocrx_word' id='word_1_298' title='bbox 1178 3254 1291 3345; x_wconf 50' lang='lat' dir='ltr'><strong>inquit,</strong></span> <span class='ocrx_word' id='word_1_299' title='bbox 1314 3276 1367 3316; x_wconf 66' lang='lat' dir='ltr'><strong>m,</strong></span> 
     </span>
     <span class='ocr_line' id='line_1_33' title="bbox 113 3344 1367 3432; baseline -0.027 -20"><span class='ocrx_word' id='word_1_300' title='bbox 113 3351 187 3412; x_wconf 78' lang='lat' dir='ltr'><strong>trr‘ci</strong></span> <span class='ocrx_word' id='word_1_301' title='bbox 197 3368 280 3409; x_wconf 83' lang='lat' dir='ltr'><strong>meae</strong></span> <span class='ocrx_word' id='word_1_302' title='bbox 287 3347 426 3425; x_wconf 82' lang='lat' dir='ltr'><strong>gratiam</strong></span> <span class='ocrx_word' id='word_1_303' title='bbox 440 3345 556 3420; x_wconf 78' lang='lat' dir='ltr'><strong>rettuli,</strong></span> <span class='ocrx_word' id='word_1_304' title='bbox 578 3346 666 3407; x_wconf 79' lang='lat' dir='ltr'><strong>cuius</strong></span> <span class='ocrx_word' id='word_1_305' title='bbox 686 3344 746 3406; x_wconf 82' lang='lat' dir='ltr'><strong>dno</strong></span> <span class='ocrx_word' id='word_1_306' title='bbox 760 3346 832 3426; x_wconf 74' lang='lat' dir='ltr'><strong>filii</strong></span> <span class='ocrx_word' id='word_1_307' title='bbox 846 3346 933 3425; x_wconf 80' lang='lat' dir='ltr'><strong>apud</strong></span> <span class='ocrx_word' id='word_1_308' title='bbox 946 3347 1093 3413; x_wconf 66' lang='lat' dir='ltr'><strong>Miletum</strong></span> <span class='ocrx_word' id='word_1_309' title='bbox 1104 3367 1168 3429; x_wconf 66' lang='lat' dir='ltr'><strong>p„</strong></span> <span class='ocrx_word' id='word_1_310' title='bbox 1186 3354 1257 3416; x_wconf 57' lang='lat' dir='ltr'><strong>mea</strong></span> <span class='ocrx_word' id='word_1_311' title='bbox 1269 3354 1367 3432; x_wconf 42' lang='lat' dir='ltr'><strong>glan-a</strong></span> 
     </span>
    </p>
   </div>
   <div class='ocr_carea' id='block_1_5' title="bbox 112 3577 1367 3911">
    <p class='ocr_par' dir='ltr' id='par_1_6' title="bbox 112 3577 1367 3911">
     <span class='ocr_line' id='line_1_34' title="bbox 115 3577 1366 3647; baseline 0.002 -13"><span class='ocrx_word' id='word_1_312' title='bbox 115 3586 167 3634; x_wconf 88' lang='lat' dir='ltr'><strong>Cic.</strong></span> <span class='ocrx_word' id='word_1_313' title='bbox 186 3584 263 3632; x_wconf 82' lang='lat' dir='ltr'><strong>Tusc.</strong></span> <span class='ocrx_word' id='word_1_314' title='bbox 284 3577 399 3640; x_wconf 74' lang='grc'><strong>1,1,1;</strong></span> <span class='ocrx_word' id='word_1_315' title='bbox 428 3579 483 3644; x_wconf 82' lang='lat' dir='ltr'><strong>quis</strong></span> <span class='ocrx_word' id='word_1_316' title='bbox 503 3585 546 3640; x_wconf 85' lang='lat' dir='ltr'><strong>est,</strong></span> <span class='ocrx_word' id='word_1_317' title='bbox 567 3577 610 3644; x_wconf 79' lang='lat' dir='ltr'><strong>qui</strong></span> <span class='ocrx_word' id='word_1_318' title='bbox 624 3585 741 3644; x_wconf 76' lang='lat' dir='ltr'><strong>putat-</strong></span> <span class='ocrx_word' id='word_1_319' title='bbox 753 3586 898 3629; x_wconf 86' lang='lat' dir='ltr'><strong>nostrorum</strong></span> <span class='ocrx_word' id='word_1_320' title='bbox 918 3579 1046 3631; x_wconf 81' lang='lat' dir='ltr'><strong>bominum</strong></span> <span class='ocrx_word' id='word_1_321' title='bbox 1063 3578 1099 3630; x_wconf 85' lang='lat' dir='ltr'><strong>ad</strong></span> <span class='ocrx_word' id='word_1_322' title='bbox 1116 3581 1296 3647; x_wconf 74' lang='lat' dir='ltr'><strong>(Pythagorae</strong></span> <span class='ocrx_word' id='word_1_323' title='bbox 1316 3585 1366 3647; x_wconf 78' lang='lat' dir='ltr'><strong>Py-</strong></span> 
     </span>
     <span class='ocr_line' id='line_1_35' title="bbox 114 3645 1366 3715; baseline 0 -13"><span class='ocrx_word' id='word_1_324' title='bbox 114 3651 363 3714; x_wconf 80' lang='lat' dir='ltr'><strong>thagoreorumque)</strong></span> <span class='ocrx_word' id='word_1_325' title='bbox 391 3647 548 3696; x_wconf 77' lang='lat' dir='ltr'><strong>doctissimas</strong></span> <span class='ocrx_word' id='word_1_326' title='bbox 573 3663 646 3697; x_wconf 81' lang='lat' dir='ltr'><strong>voces</strong></span> <span class='ocrx_word' id='word_1_327' title='bbox 669 3663 766 3695; x_wconf 83' lang='lat' dir='ltr'><strong>aures</strong></span> <span class='ocrx_word' id='word_1_328' title='bbox 794 3645 933 3696; x_wconf 84' lang='lat' dir='ltr'><strong>clausas</strong></span> <span class='ocrx_word' id='word_1_329' title='bbox 956 3648 1070 3710; x_wconf 75' lang='lat' dir='ltr'><strong>fnisse.</strong></span> <span class='ocrx_word' id='word_1_330' title='bbox 1109 3649 1166 3698; x_wconf 91' lang='lat' dir='ltr'><strong>Und</strong></span> <span class='ocrx_word' id='word_1_331' title='bbox 1190 3650 1240 3700; x_wconf 89' lang='lat' dir='ltr'><strong>der</strong></span> <span class='ocrx_word' id='word_1_332' title='bbox 1267 3654 1366 3715; x_wconf 83' lang='lat' dir='ltr'><strong>Gegan-</strong></span> 
     </span>
     <span class='ocr_line' id='line_1_36' title="bbox 114 3711 1367 3784; baseline -0.003 -14"><span class='ocrx_word' id='word_1_333' title='bbox 114 3724 171 3770; x_wconf 87' lang='lat' dir='ltr'><strong>sutz</strong></span> <span class='ocrx_word' id='word_1_334' title='bbox 189 3733 209 3766; x_wconf 91' lang='lat' dir='ltr'><strong>z.</strong></span> <span class='ocrx_word' id='word_1_335' title='bbox 230 3717 256 3765; x_wconf 92' lang='lat' dir='ltr'><strong>B.</strong></span> <span class='ocrx_word' id='word_1_336' title='bbox 278 3714 322 3764; x_wconf 89' lang='lat' dir='ltr'><strong>hei</strong></span> <span class='ocrx_word' id='word_1_337' title='bbox 343 3716 394 3764; x_wconf 88' lang='lat' dir='ltr'><strong>Cic.</strong></span> <span class='ocrx_word' id='word_1_338' title='bbox 425 3716 460 3764; x_wconf 84' lang='lat' dir='ltr'><strong>ad</strong></span> <span class='ocrx_word' id='word_1_339' title='bbox 479 3717 566 3775; x_wconf 79' lang='lat' dir='ltr'><strong>Quint.</strong></span> <span class='ocrx_word' id='word_1_340' title='bbox 592 3714 663 3764; x_wconf 79' lang='lat' dir='ltr'><strong>fratr.</strong></span> <span class='ocrx_word' id='word_1_341' title='bbox 685 3713 707 3776; x_wconf 88' lang='lat'><strong>1,</strong></span> <span class='ocrx_word' id='word_1_342' title='bbox 728 3713 752 3775; x_wconf 91' lang='lat'><strong>1,</strong></span> <span class='ocrx_word' id='word_1_343' title='bbox 770 3711 796 3774; x_wconf 88' lang='lat'><strong>8,</strong></span> <span class='ocrx_word' id='word_1_344' title='bbox 817 3712 865 3765; x_wconf 71' lang='lat'><strong>25:</strong></span> <span class='ocrx_word' id='word_1_345' title='bbox 889 3721 1010 3781; x_wconf 83' lang='lat' dir='ltr'><strong>putere</strong></span> <span class='ocrx_word' id='word_1_346' title='bbox 1031 3731 1131 3764; x_wconf 82' lang='lat' dir='ltr'><strong>aures</strong></span> <span class='ocrx_word' id='word_1_347' title='bbox 1158 3722 1238 3765; x_wconf 87' lang='lat' dir='ltr'><strong>tuns</strong></span> <span class='ocrx_word' id='word_1_348' title='bbox 1263 3716 1367 3784; x_wconf 75' lang='lat' dir='ltr'><strong>querelis</strong></span> 
     </span>
     <span class='ocr_line' id='line_1_37' title="bbox 112 3782 1367 3848; baseline -0.002 -12"><span class='ocrx_word' id='word_1_349' title='bbox 112 3786 228 3847; x_wconf 84' lang='lat' dir='ltr'><strong>omnium,</strong></span> <span class='ocrx_word' id='word_1_350' title='bbox 247 3783 414 3832; x_wconf 80' lang='lat' dir='ltr'><strong>romPra&#39;tor</strong></span> <span class='ocrx_word' id='word_1_351' title='bbox 441 3788 540 3845; x_wconf 85' lang='lat' dir='ltr'><strong>gesagt.</strong></span> <span class='ocrx_word' id='word_1_352' title='bbox 560 3809 588 3818; x_wconf 89' lang='lat'><em>-</em></span> <span class='ocrx_word' id='word_1_353' title='bbox 619 3782 811 3848; x_wconf 77' lang='lat' dir='ltr'><strong>procurrit.</strong></span> <span class='ocrx_word' id='word_1_354' title='bbox 842 3783 882 3832; x_wconf 83' lang='lat' dir='ltr'><strong>F.:</strong></span> <span class='ocrx_word' id='word_1_355' title='bbox 906 3783 1049 3848; x_wconf 82' lang='lat' dir='ltr'><strong>percurrit.</strong></span> <span class='ocrx_word' id='word_1_356' title='bbox 1083 3784 1156 3833; x_wconf 87' lang='lat' dir='ltr'><strong>Ohue</strong></span> <span class='ocrx_word' id='word_1_357' title='bbox 1180 3787 1367 3836; x_wconf 85' lang='lat' dir='ltr'><strong>wesentlicben</strong></span> 
     </span>
     <span class='ocr_line' id='line_1_38' title="bbox 113 3850 710 3911; baseline -0.015 -5"><span class='ocrx_word' id='word_1_358' title='bbox 113 3852 294 3911; x_wconf 87' lang='lat' dir='ltr'><strong>Unterschied,</strong></span> <span class='ocrx_word' id='word_1_359' title='bbox 321 3850 480 3899; x_wconf 77' lang='lat' dir='ltr'><strong>lortsturzen</strong></span> <span class='ocrx_word' id='word_1_360' title='bbox 502 3851 567 3898; x_wconf 89' lang='lat' dir='ltr'><strong>oder</strong></span> <span class='ocrx_word' id='word_1_361' title='bbox 587 3850 710 3900; x_wconf 88' lang='lat' dir='ltr'><strong>hineilen.</strong></span> 
     </span>
    </p>
   </div>
   <div class='ocr_carea' id='block_1_6' title="bbox 110 3937 1369 4681">
    <p class='ocr_par' dir='ltr' id='par_1_7' title="bbox 110 3937 1369 4681">
     <span class='ocr_line' id='line_1_39' title="bbox 179 3937 1368 4007; baseline -0.003 -14"><span class='ocrx_word' id='word_1_362' title='bbox 179 3943 205 4006; x_wconf 87' lang='grc'><strong>8,</strong></span> <span class='ocrx_word' id='word_1_363' title='bbox 224 3941 247 4007; x_wconf 88' lang='grc'><strong>6,</strong></span> <span class='ocrx_word' id='word_1_364' title='bbox 271 3941 292 3992; x_wconf 92' lang='grc'><strong>1.</strong></span> <span class='ocrx_word' id='word_1_365' title='bbox 328 3940 387 3990; x_wconf 84' lang='lat' dir='ltr'><strong>Ira</strong></span> <span class='ocrx_word' id='word_1_366' title='bbox 406 3947 509 3988; x_wconf 82' lang='lat' dir='ltr'><strong>urente</strong></span> <span class='ocrx_word' id='word_1_367' title='bbox 526 3938 733 3990; x_wconf 85' lang='lat' dir='ltr'><strong>decesserat.</strong></span> <span class='ocrx_word' id='word_1_368' title='bbox 768 3939 853 4001; x_wconf 80' lang='lat' dir='ltr'><strong>Vergl.</strong></span> <span class='ocrx_word' id='word_1_369' title='bbox 872 3939 975 3989; x_wconf 82' lang='lat' dir='ltr'><strong>Terent.</strong></span> <span class='ocrx_word' id='word_1_370' title='bbox 994 3939 1090 4003; x_wconf 82' lang='lat' dir='ltr'><strong>Hecyr.</strong></span> <span class='ocrx_word' id='word_1_371' title='bbox 1110 3937 1136 4003; x_wconf 87' lang='grc'><strong>3,</strong></span> <span class='ocrx_word' id='word_1_372' title='bbox 1155 3938 1179 4003; x_wconf 84' lang='grc'><strong>5,</strong></span> <span class='ocrx_word' id='word_1_373' title='bbox 1200 3939 1248 3992; x_wconf 79' lang='lat'><strong>55:</strong></span> <span class='ocrx_word' id='word_1_374' title='bbox 1270 3942 1368 3992; x_wconf 80' lang='lat' dir='ltr'><strong>dece-</strong></span> 
     </span>
     <span class='ocr_line' id='line_1_40' title="bbox 113 4003 1368 4072; baseline -0.003 -9"><span class='ocrx_word' id='word_1_375' title='bbox 113 4011 333 4063; x_wconf 79' lang='lat' dir='ltr'><strong>detira&#39;baec:</strong></span> <span class='ocrx_word' id='word_1_376' title='bbox 353 4008 400 4057; x_wconf 85' lang='lat' dir='ltr'><strong>etsi</strong></span> <span class='ocrx_word' id='word_1_377' title='bbox 419 4008 508 4056; x_wconf 84' lang='lat' dir='ltr'><strong>merito</strong></span> <span class='ocrx_word' id='word_1_378' title='bbox 526 4007 609 4056; x_wconf 81' lang='lat' dir='ltr'><strong>iratus</strong></span> <span class='ocrx_word' id='word_1_379' title='bbox 630 4015 673 4056; x_wconf 89' lang='lat' dir='ltr'><strong>cst.</strong></span> <span class='ocrx_word' id='word_1_380' title='bbox 694 4034 722 4043; x_wconf 94' lang='lat'><em>-</em></span> <span class='ocrx_word' id='word_1_381' title='bbox 745 4005 911 4055; x_wconf 81' lang='lat' dir='ltr'><strong>discussa.</strong></span> <span class='ocrx_word' id='word_1_382' title='bbox 941 4007 968 4054; x_wconf 88' lang='lat' dir='ltr'><strong>S.</strong></span> <span class='ocrx_word' id='word_1_383' title='bbox 987 4020 1022 4057; x_wconf 83' lang='lat' dir='ltr'><strong>zu</strong></span> <span class='ocrx_word' id='word_1_384' title='bbox 1039 4003 1064 4069; x_wconf 85' lang='lat'><strong>6,</strong></span> <span class='ocrx_word' id='word_1_385' title='bbox 1083 4005 1124 4069; x_wconf 80' lang='lat'><strong>31,</strong></span> <span class='ocrx_word' id='word_1_386' title='bbox 1143 4004 1184 4058; x_wconf 71' lang='lat'><strong>⁸22.</strong></span> <span class='ocrx_word' id='word_1_387' title='bbox 1208 4036 1238 4046; x_wconf 89' lang='lat'>—</span> <span class='ocrx_word' id='word_1_388' title='bbox 1260 4007 1322 4072; x_wconf 82' lang='grc'><strong>8,6</strong></span> <span class='ocrx_word' id='word_1_389' title='bbox 1346 4007 1368 4059; x_wconf 78' lang='grc'><strong>1.</strong></span> 
     </span>
     <span class='ocr_line' id='line_1_41' title="bbox 112 4051 1367 4147; baseline -0.005 -15"><span class='ocrx_word' id='word_1_390' title='bbox 112 4081 286 4147; x_wconf 79' lang='lat' dir='ltr'><strong>Alioquin.</strong></span> <span class='ocrx_word' id='word_1_391' title='bbox 298 4079 336 4129; x_wconf 87' lang='lat' dir='ltr'><strong>F.:</strong></span> <span class='ocrx_word' id='word_1_392' title='bbox 354 4074 501 4141; x_wconf 72' lang='lat' dir='ltr'><strong>aliegat-</strong></span> <span class='ocrx_word' id='word_1_393' title='bbox 515 4071 542 4134; x_wconf 86' lang='lat'><strong>8,</strong></span> <span class='ocrx_word' id='word_1_394' title='bbox 555 4074 578 4137; x_wconf 88' lang='grc'><strong>6,</strong></span> <span class='ocrx_word' id='word_1_395' title='bbox 591 4073 614 4124; x_wconf 87' lang='grc'><strong>3.</strong></span> <span class='ocrx_word' id='word_1_396' title='bbox 634 4071 850 4140; x_wconf 76' lang='lat' dir='ltr'><strong>Excipiebut.</strong></span> <span class='ocrx_word' id='word_1_397' title='bbox 873 4073 897 4124; x_wconf 85' lang='lat' dir='ltr'><strong>F.</strong></span> <span class='ocrx_word' id='word_1_398' title='bbox 908 4074 1074 4138; x_wconf 80' lang='lat' dir='ltr'><strong>nuchCOnj.:</strong></span> <span class='ocrx_word' id='word_1_399' title='bbox 1095 4073 1262 4127; x_wconf 65' lang='grc'><strong>1111111111.-</strong></span> <span class='ocrx_word' id='word_1_400' title='bbox 1277 4051 1367 4140; x_wconf 59' lang='lat' dir='ltr'><strong>sib.</strong></span> 
     </span>
     <span class='ocr_line' id='line_1_42' title="bbox 116 4142 1369 4213; baseline -0.004 -14"><span class='ocrx_word' id='word_1_401' title='bbox 116 4150 426 4213; x_wconf 85' lang='lat' dir='ltr'><strong>Totnmpersonans</strong></span> <span class='ocrx_word' id='word_1_402' title='bbox 445 4143 579 4208; x_wconf 76' lang='lat' dir='ltr'><strong>regiam.</strong></span> <span class='ocrx_word' id='word_1_403' title='bbox 603 4143 628 4192; x_wconf 87' lang='lat' dir='ltr'><strong>F.</strong></span> <span class='ocrx_word' id='word_1_404' title='bbox 649 4143 718 4191; x_wconf 87' lang='lat' dir='ltr'><strong>nach</strong></span> <span class='ocrx_word' id='word_1_405' title='bbox 737 4143 826 4204; x_wconf 64' lang='lat' dir='ltr'><strong>Cant:</strong></span> <span class='ocrx_word' id='word_1_406' title='bbox 850 4147 904 4189; x_wconf 90' lang='lat' dir='ltr'><strong>tota</strong></span> <span class='ocrx_word' id='word_1_407' title='bbox 920 4148 1073 4207; x_wconf 78' lang='lat' dir='ltr'><strong>personante</strong></span> <span class='ocrx_word' id='word_1_408' title='bbox 1090 4142 1169 4208; x_wconf 72' lang='lat' dir='ltr'><strong>repta.</strong></span> <span class='ocrx_word' id='word_1_409' title='bbox 1200 4144 1250 4194; x_wconf 87' lang='lat' dir='ltr'><strong>Die</strong></span> <span class='ocrx_word' id='word_1_410' title='bbox 1270 4147 1369 4196; x_wconf 80' lang='lat' dir='ltr'><strong>transi-</strong></span> 
     </span>
     <span class='ocr_line' id='line_1_43' title="bbox 113 4204 1368 4278; baseline -0.006 -10"><span class='ocrx_word' id='word_1_411' title='bbox 113 4221 166 4268; x_wconf 86' lang='lat' dir='ltr'><strong>tive</strong></span> <span class='ocrx_word' id='word_1_412' title='bbox 186 4218 341 4275; x_wconf 84' lang='lat' dir='ltr'><strong>Bedeutung</strong></span> <span class='ocrx_word' id='word_1_413' title='bbox 361 4214 396 4261; x_wconf 90' lang='lat' dir='ltr'><strong>ist</strong></span> <span class='ocrx_word' id='word_1_414' title='bbox 416 4211 590 4270; x_wconf 87' lang='lat' dir='ltr'><strong>dichteriscb;</strong></span> <span class='ocrx_word' id='word_1_415' title='bbox 611 4223 631 4260; x_wconf 91' lang='lat' dir='ltr'><strong>s.</strong></span> <span class='ocrx_word' id='word_1_416' title='bbox 649 4209 718 4272; x_wconf 85' lang='lat' dir='ltr'><strong>Virg.</strong></span> <span class='ocrx_word' id='word_1_417' title='bbox 733 4210 794 4258; x_wconf 76' lang='lat' dir='ltr'><strong>Aen.</strong></span> <span class='ocrx_word' id='word_1_418' title='bbox 813 4204 837 4270; x_wconf 87' lang='grc'><strong>6,</strong></span> <span class='ocrx_word' id='word_1_419' title='bbox 856 4205 991 4261; x_wconf 68' lang='grc'><strong>1111181</strong></span> <span class='ocrx_word' id='word_1_420' title='bbox 1015 4206 1182 4260; x_wconf 75' lang='lat' dir='ltr'><strong>Cerberus</strong></span> <span class='ocrx_word' id='word_1_421' title='bbox 1199 4209 1265 4261; x_wconf 82' lang='lat' dir='ltr'><strong>baec</strong></span> <span class='ocrx_word' id='word_1_422' title='bbox 1282 4213 1368 4278; x_wconf 70' lang='lat' dir='ltr'><strong>ingens</strong></span> 
     </span>
     <span class='ocr_line' id='line_1_44' title="bbox 114 4275 1368 4345; baseline -0.004 -11"><span class='ocrx_word' id='word_1_423' title='bbox 114 4285 246 4334; x_wconf 84' lang='lat' dir='ltr'><strong>latratu</strong></span> <span class='ocrx_word' id='word_1_424' title='bbox 262 4295 367 4345; x_wconf 70' lang='lat' dir='ltr'><strong>regna</strong></span> <span class='ocrx_word' id='word_1_425' title='bbox 385 4277 530 4340; x_wconf 78' lang='lat' dir='ltr'><strong>trifauci</strong></span> <span class='ocrx_word' id='word_1_426' title='bbox 549 4276 730 4336; x_wconf 78' lang='lat' dir='ltr'><strong>Personat,</strong></span> <span class='ocrx_word' id='word_1_427' title='bbox 750 4276 856 4325; x_wconf 81' lang='lat' dir='ltr'><strong>adverso</strong></span> <span class='ocrx_word' id='word_1_428' title='bbox 875 4275 1000 4326; x_wconf 84' lang='lat' dir='ltr'><strong>recubans</strong></span> <span class='ocrx_word' id='word_1_429' title='bbox 1017 4276 1134 4326; x_wconf 77' lang='lat' dir='ltr'><strong>inensants</strong></span> <span class='ocrx_word' id='word_1_430' title='bbox 1152 4278 1181 4326; x_wconf 88' lang='lat' dir='ltr'><strong>s&#39;n</strong></span> <span class='ocrx_word' id='word_1_431' title='bbox 1201 4286 1288 4329; x_wconf 84' lang='lat' dir='ltr'><strong>antro.</strong></span> <span class='ocrx_word' id='word_1_432' title='bbox 1325 4282 1368 4329; x_wconf 87' lang='lat' dir='ltr'><strong>Die</strong></span> 
     </span>
     <span class='ocr_line' id='line_1_45' title="bbox 112 4341 1367 4412; baseline -0.006 -10"><span class='ocrx_word' id='word_1_433' title='bbox 112 4353 278 4402; x_wconf 88' lang='lat' dir='ltr'><strong>intransitive</strong></span> <span class='ocrx_word' id='word_1_434' title='bbox 296 4347 476 4412; x_wconf 77' lang='lat' dir='ltr'><strong>gewobnllchc</strong></span> <span class='ocrx_word' id='word_1_435' title='bbox 499 4346 654 4408; x_wconf 85' lang='lat' dir='ltr'><strong>Bedeutung</strong></span> <span class='ocrx_word' id='word_1_436' title='bbox 673 4345 720 4394; x_wconf 91' lang='lat' dir='ltr'><strong>bat</strong></span> <span class='ocrx_word' id='word_1_437' title='bbox 739 4345 808 4394; x_wconf 87' lang='lat' dir='ltr'><strong>auch</strong></span> <span class='ocrx_word' id='word_1_438' title='bbox 827 4345 853 4394; x_wconf 87' lang='lat' dir='ltr'><strong>C.</strong></span> <span class='ocrx_word' id='word_1_439' title='bbox 874 4342 913 4405; x_wconf 89' lang='lat'><strong>10,</strong></span> <span class='ocrx_word' id='word_1_440' title='bbox 934 4342 972 4407; x_wconf 83' lang='lat'><strong>15,</strong></span> <span class='ocrx_word' id='word_1_441' title='bbox 994 4341 1024 4393; x_wconf 89' lang='lat'><strong>7:</strong></span> <span class='ocrx_word' id='word_1_442' title='bbox 1045 4342 1194 4411; x_wconf 78' lang='lat' dir='ltr'><strong>planctibus</strong></span> <span class='ocrx_word' id='word_1_443' title='bbox 1211 4352 1244 4396; x_wconf 78' lang='lat' dir='ltr'><strong>to</strong></span> <span class='ocrx_word' id='word_1_444' title='bbox 1256 4353 1291 4397; x_wconf 83' lang='lat' dir='ltr'><strong>tn</strong></span> <span class='ocrx_word' id='word_1_445' title='bbox 1313 4364 1367 4396; x_wconf 86' lang='lat' dir='ltr'><strong>re-</strong></span> 
     </span>
     <span class='ocr_line' id='line_1_46' title="bbox 110 4408 1367 4484; baseline -0.001 -18"><span class='ocrx_word' id='word_1_446' title='bbox 110 4413 401 4484; x_wconf 79' lang='lat' dir='ltr'><strong>ptapcrsonabat.</strong></span> <span class='ocrx_word' id='word_1_447' title='bbox 423 4441 450 4449; x_wconf 91' lang='lat'>-</span> <span class='ocrx_word' id='word_1_448' title='bbox 478 4410 501 4473; x_wconf 82' lang='grc'><strong>8,</strong></span> <span class='ocrx_word' id='word_1_449' title='bbox 520 4409 546 4471; x_wconf 87' lang='grc'><strong>6,</strong></span> <span class='ocrx_word' id='word_1_450' title='bbox 566 4411 589 4462; x_wconf 92' lang='grc'><strong>6.</strong></span> <span class='ocrx_word' id='word_1_451' title='bbox 618 4411 713 4461; x_wconf 83' lang='lat' dir='ltr'><strong>Inter</strong></span> <span class='ocrx_word' id='word_1_452' title='bbox 731 4408 798 4460; x_wconf 77' lang='lat' dir='ltr'><strong>das.</strong></span> <span class='ocrx_word' id='word_1_453' title='bbox 818 4412 858 4461; x_wconf 66' lang='lat' dir='ltr'><strong>R:</strong></span> <span class='ocrx_word' id='word_1_454' title='bbox 877 4411 905 4459; x_wconf 82' lang='lat' dir='ltr'><strong>in</strong></span> <span class='ocrx_word' id='word_1_455' title='bbox 926 4411 981 4461; x_wconf 84' lang='lat' dir='ltr'><strong>bas.</strong></span> <span class='ocrx_word' id='word_1_456' title='bbox 1003 4437 1031 4447; x_wconf 93' lang='lat'>-</span> <span class='ocrx_word' id='word_1_457' title='bbox 1056 4417 1225 4465; x_wconf 67' lang='lat' dir='ltr'><strong>extracta.</strong></span> <span class='ocrx_word' id='word_1_458' title='bbox 1255 4415 1296 4465; x_wconf 85' lang='grc'><strong>1·“.;</strong></span> <span class='ocrx_word' id='word_1_459' title='bbox 1321 4432 1367 4464; x_wconf 76' lang='lat' dir='ltr'><strong>et-</strong></span> 
     </span>
     <span class='ocr_line' id='line_1_47' title="bbox 112 4475 1366 4546; baseline -0.002 -13"><span class='ocrx_word' id='word_1_460' title='bbox 112 4492 180 4534; x_wconf 85' lang='lat' dir='ltr'><strong>acta.</strong></span> <span class='ocrx_word' id='word_1_461' title='bbox 203 4512 230 4521; x_wconf 92' lang='lat'><em>-</em></span> <span class='ocrx_word' id='word_1_462' title='bbox 259 4481 492 4533; x_wconf 71' lang='lat' dir='ltr'><strong>intercisum.</strong></span> <span class='ocrx_word' id='word_1_463' title='bbox 520 4482 544 4529; x_wconf 91' lang='lat' dir='ltr'><strong>S.</strong></span> <span class='ocrx_word' id='word_1_464' title='bbox 564 4477 639 4540; x_wconf 70' lang='lat'><strong>3,32,</strong></span> <span class='ocrx_word' id='word_1_465' title='bbox 654 4477 692 4530; x_wconf 85' lang='lat'><strong>19.</strong></span> <span class='ocrx_word' id='word_1_466' title='bbox 715 4505 743 4516; x_wconf 92' lang='lat'><em>-</em></span> <span class='ocrx_word' id='word_1_467' title='bbox 769 4477 793 4540; x_wconf 83' lang='lat'><strong>8,</strong></span> <span class='ocrx_word' id='word_1_468' title='bbox 813 4475 836 4540; x_wconf 91' lang='grc'><strong>6,</strong></span> <span class='ocrx_word' id='word_1_469' title='bbox 858 4477 882 4528; x_wconf 85' lang='lat'><strong>7.</strong></span> <span class='ocrx_word' id='word_1_470' title='bbox 908 4479 1059 4528; x_wconf 82' lang='lat' dir='ltr'><strong>Sociare</strong></span> <span class='ocrx_word' id='word_1_471' title='bbox 1078 4495 1264 4534; x_wconf 82' lang='lat' dir='ltr'><strong>sersscnssn.</strong></span> <span class='ocrx_word' id='word_1_472' title='bbox 1285 4484 1366 4546; x_wconf 76' lang='lat' dir='ltr'><strong>Vergl.</strong></span> 
     </span>
     <span class='ocr_line' id='line_1_48' title="bbox 112 4544 1367 4613; baseline -0.001 -12"><span class='ocrx_word' id='word_1_473' title='bbox 112 4552 168 4602; x_wconf 90' lang='lat' dir='ltr'><strong>Val.</strong></span> <span class='ocrx_word' id='word_1_474' title='bbox 196 4553 277 4600; x_wconf 88' lang='lat' dir='ltr'><strong>Flacc.</strong></span> <span class='ocrx_word' id='word_1_475' title='bbox 301 4554 396 4613; x_wconf 76' lang='lat' dir='ltr'><strong>Argon.</strong></span> <span class='ocrx_word' id='word_1_476' title='bbox 421 4547 444 4610; x_wconf 83' lang='lat'><strong>5,</strong></span> <span class='ocrx_word' id='word_1_477' title='bbox 462 4545 519 4597; x_wconf 72' lang='lat'>281.</span> <span class='ocrx_word' id='word_1_478' title='bbox 544 4544 611 4596; x_wconf 68' lang='grc'><strong>1811</strong></span> <span class='ocrx_word' id='word_1_479' title='bbox 636 4555 664 4595; x_wconf 84' lang='lat' dir='ltr'><strong>at</strong></span> <span class='ocrx_word' id='word_1_480' title='bbox 691 4545 754 4597; x_wconf 85' lang='lat' dir='ltr'><strong>luno</strong></span> <span class='ocrx_word' id='word_1_481' title='bbox 780 4553 805 4596; x_wconf 81' lang='lat' dir='ltr'><strong>es</strong></span> <span class='ocrx_word' id='word_1_482' title='bbox 821 4546 910 4596; x_wconf 84' lang='lat' dir='ltr'><strong>snmrns&#39;</strong></span> <span class='ocrx_word' id='word_1_483' title='bbox 929 4547 1001 4613; x_wconf 72' lang='lat' dir='ltr'><strong>sirpo</strong></span> <span class='ocrx_word' id='word_1_484' title='bbox 1017 4544 1085 4596; x_wconf 81' lang='lat' dir='ltr'><strong>locis</strong></span> <span class='ocrx_word' id='word_1_485' title='bbox 1110 4547 1238 4599; x_wconf 76' lang='lat' dir='ltr'><strong>intissn</strong></span> <span class='ocrx_word' id='word_1_486' title='bbox 1262 4565 1367 4600; x_wconf 83' lang='lat' dir='ltr'><strong>secuss</strong></span> 
     </span>
     <span class='ocr_line' id='line_1_49' title="bbox 114 4613 909 4681; baseline -0.005 -12"><span class='ocrx_word' id='word_1_487' title='bbox 114 4616 276 4669; x_wconf 72' lang='lat' dir='ltr'><strong>Consilia</strong></span> <span class='ocrx_word' id='word_1_488' title='bbox 295 4623 324 4665; x_wconf 85' lang='lat' dir='ltr'><strong>et</strong></span> <span class='ocrx_word' id='word_1_489' title='bbox 340 4616 459 4666; x_wconf 80' lang='lat' dir='ltr'><strong>uarias</strong></span> <span class='ocrx_word' id='word_1_490' title='bbox 475 4613 656 4681; x_wconf 79' lang='lat' dir='ltr'><strong>sociabant</strong></span> <span class='ocrx_word' id='word_1_491' title='bbox 674 4620 779 4680; x_wconf 86' lang='lat' dir='ltr'><strong>pectore</strong></span> <span class='ocrx_word' id='word_1_492' title='bbox 798 4629 909 4666; x_wconf 83' lang='lat' dir='ltr'><strong>curas.</strong></span> 
     </span>
    </p>
   </div>
   <div class='ocr_carea' id='block_1_7' title="bbox 0 0 1414 4964">
    <p class='ocr_par' dir='ltr' id='par_1_8' title="bbox 0 0 1414 4964">
     <span class='ocr_line' id='line_1_50' title="bbox 0 0 1414 4964; baseline 0 0"><span class='ocrx_word' id='word_1_493' title='bbox 0 0 1414 4964; x_wconf 95' lang='lat' dir='ltr'><strong> </strong></span> 
     </span>
    </p>
   </div>
  </div>
 </body>
</html>
