2820 4964
313 229 365 294 IV.
383 227 457 294 XX.
477 222 527 293 11.
549 230 600 294 11.
620 227 709 291 m.
732 230 821 292 1-0.
841 226 946 289 xxii.
969 229 1084 292 0-11.
1281 230 1325 295 81

58 399 259 480 Hyrcaniam,
293 402 404 462 Bactra
441 404 472 460 et
494 373 748 497 dt‘lffiffloeffifi
775 395 908 474 accolas,
940 330 1254 478 dudmddadziuhdi
1281 418 1321 462 ne

60 497 281 582 Sogdianoset
301 481 664 584 Aracliosiosvnomi'nem
682 496 868 574 'ceterasque
895 500 1000 573 gentes
1027 492 1066 554 ad
1096 493 1265 558 Caucasum
1290 503 1321 558 et

62 595 89 655 T
146 593 187 667 im
196 576 405 673 dirliiieiite's'i
421 587 647 664 Senescendum
659 592 725 652 fore
746 589 861 651 tantuin
879 595 1026 652 terramm
1046 589 1095 650 vel
1116 590 1181 653 sine
1199 593 1319 673 proelio

56 613 196 752 'didita
220 688 224 695 ’
250 685 316 756 6ile
333 708 408 750 vero
430 689 468 750 ad
484 688 584 766 ipsum
604 706 713 748 vocare
739 687 904 764 desineret,
923 705 1052 767 namque
1074 686 1155 750 illius
1176 690 1267 752 exitio
1285 711 1320 753 se

64 805 129 847 esse
152 773 321 848 venturum.
381 780 574 847 ⁷Alexander
594 784 648 858 his,
671 783 723 864 qui
743 783 858 844 litteras
879 784 1053 858 attulerant,
1071 785 1242 863 respondit,
1260 789 1321 848 Da-

63 901 149 943 reum
165 883 225 943 sibi
245 883 343 943 aliena
363 880 539 961 promittere
560 884 605 953 et,
624 879 706 959 quod
726 885 822 941 totum
840 880 986 956 amiserit,
1008 882 1085 943 velle
1104 877 1217 962 partiri.
1247 884 1320 945 Doti

63 978 121 1040 sibi
131 979 197 1038 dari
207 979 343 1056 Lydiam,
354 980 452 1051 lonas,
462 972 627 1050 Aeolidem,
640 974 827 1054 Hellesponti
839 996 931 1052 oram,
943 977 1088 1039 victoriae
1096 991 1170 1050 auae
1180 980 1321 1058 praemia

60 1075 162 1152 Leges
181 1079 281 1134 autem
299 1094 317 1133 a
334 1072 499 1134 victoribus
523 1071 599 1163 dici,
618 1071 717 1159 accipi
737 1092 756 1133 a
776 1073 870 1135 victis.
911 1075 945 1134 ln
966 1080 1036 1136 utro
1058 1079 1137 1136 statu
1159 1075 1248 1136 ambo
1274 1095 1321 1137 es·

62 1175 148 1244 sent,
166 1168 192 1229 si
211 1168 294 1230 solus
316 1169 484 1248 ignoraret,
505 1149 723 1255 quiim‘p'r‘i'mnm
740 1170 837 1231 Marte
858 1171 1041 1232 decerneret
1092 1166 1159 1234 8Se
1189 1191 1319 1253 quoque,
1374 1156 1378 1167 Ι

62 1284 157 1346 quum
171 1264 309 1326 transiret
321 1285 411 1341 mare,
433 1283 495 1325 nou
507 1262 642 1325 Ciliciam
658 1271 710 1325 aut
724 1265 850 1344 Lydiam
868 1266 994 1346 (quippe
1009 1268 1082 1329 tanti
1100 1267 1173 1328 belli
1185 1268 1323 1347 exiguam
1367 1275 1369 1279 ‘

61 1363 140 1423 hanc
159 1381 225 1424 esse
244 1360 436 1440 mercedem),
459 1360 514 1422 sed
535 1361 740 1440 Persepolim,
762 1368 853 1439 capnt
873 1361 959 1438 regni
979 1362 1060 1443 eius,
1085 1365 1194 1424 Bactra
1213 1365 1321 1425 deinde

64 1464 95 1520 et
112 1458 264 1519 Ecbatana
292 1458 447 1539 ultimique
477 1455 600 1518 orientis
626 1476 711 1517 oram
735 1455 861 1534 imperio
881 1475 938 1516 suo
961 1452 1133 1519 destinasse.
1177 1463 1323 1538 Quocun-

64 1574 123 1636 que
140 1554 192 1617 ille
211 1556 316 1635 fugere
337 1554 504 1634 potuisset,
536 1554 636 1632 ipsum
656 1551 742 1632 sequi
762 1570 869 1630 posse:
891 1550 1041 1639 desineret
1061 1559 1174 1614 terrere
1195 1554 1322 1617 flumini-

64 1651 132 1725 buS,
152 1672 240 1732 quem
259 1652 352 1713 sciret
370 1650 466 1712 maria
485 1649 636 1712 transisse.
703 1712 714 1737 Ι,
794 1697 799 1704 .
870 1680 886 1733 ¹1-

146 1748 249 1809 XXIL
304 1744 424 1828 ⁹Reges
447 1748 568 1829 quidem
587 1747 661 1806 haec
683 1732 811 1804 invicem
833 1743 1027 1823 scripserant.
1060 1746 1123 1806 Sed
1143 1746 1254 1807 Rhodii
1273 1768 1323 1810 ur-

63 1847 132 1907 bem
155 1866 240 1907 suam
261 1852 428 1927 portusque
452 1844 601 1906 dedebant
625 1839 810 1902 Alexandro.
852 1839 906 1901 llle
927 1840 1063 1902 Ciliciam
1087 1841 1207 1904 Socrati
1232 1843 1324 1905 tradi-

64 1942 163 2017 derat,
192 1942 311 2004 Philota
339 1942 457 2020 regioni
485 1942 565 2002 circa
593 1941 708 2017 Tyrum
735 1935 817 1998 iusso
850 1937 1031 2016 praesidere.
1078 1938 1213 2017 Syriam,
1246 1960 1324 2020 quae

64 2038 160 2100 Coele
172 2039 346 2118 appellatur,
364 2038 579 2098 Andromacho
591 2034 749 2096 Parmenio
762 2033 933 2109 tradiderat,
949 2033 1040 2110 bello,
1061 2035 1143 2117 quod
1156 2043 1323 2116 supererat,
1372 2088 1375 2094 ,

62 2135 272 2198 interfuturus.
316 2128 343 2171 ¹⁰
351 2135 431 2209 Rex,
457 2131 678 2211 Hephaestione
702 2129 868 2190 Phoenices
899 2149 983 2191 oram
1012 2131 1109 2197 classe
1134 2134 1323 2211 praetervehi

62 2231 159 2301 iusso,
180 2229 219 2287 ad
237 2229 343 2289 urbem
363 2229 474 2288 Gazam
493 2248 562 2288 cum
584 2224 722 2286 omnibus
741 2226 837 2304 copiis
856 2227 946 2288 venit.

139 2318 161 2360 ¹¹
170 2322 279 2383 Iisdem
300 2324 364 2382 fere
386 2322 494 2384 dicbus
513 2322 659 2384 sollemne
683 2326 746 2381 erat
765 2320 916 2384 ludicrum
928 2323 1128 2402 Isthmiorum,
1149 2328 1233 2407 qnod
1251 2347 1324 2390 con-

61 2425 158 2482 ventu
180 2419 272 2480 totius
294 2419 438 2480 Graeciae
459 2419 636 2480 celebratur.
677 2417 712 2477 ln
733 2437 771 2478 eo
791 2419 920 2480 concilio
942 2421 1067 2498 Graeci,
1095 2429 1130 2483 ut
1156 2428 1226 2482 sunt
1251 2428 1324 2482 tem·

62 2516 187 2602 poraria
208 2515 340 2595 ingenia,
362 2515 541 2592 decernunt,
566 2521 599 2576 ut
618 2513 789 2596 quindecim
805 2514 979 2595 legarentur
1000 2517 1039 2576 ad
1060 2536 1178 2596 regem,
1209 2517 1261 2597 qui
1282 2517 1323 2578 ob

64 2602 199 2694 res'“'pro
221 2613 317 2676 salute
348 2632 385 2672 ac
413 2612 550 2675 libertate
581 2611 727 2673 Graeciae
754 2617 854 2690 gestas
882 2630 1026 2672 coronam
1058 2633 1180 2674 auream
1212 2614 1325 2676 donum

66 2831 225 2895 gawordeno
236 2831 411 2894 Verbindung
422 2846 456 2880 zu
467 2830 626 2880 hetrachten
639 2830 680 2877 ist.
695 2854 723 2863 -
740 2843 777 2876 ne
787 2855 815 2864 -
823 2827 997 2876 nerninem.
1010 2828 1051 2878 F.:
1064 2827 1141 2877 cel—
1150 2830 1249 2880 nomine
1261 2837 1323 2880 tun-

67 2905 118 2947 nam
132 2905 214 2946 notos.
232 2897 490 2959 DieserUebergaug
501 2897 550 2944 der
561 2895 664 2943 directa
674 2896 759 2943 oratio
773 2897 799 2943 in
810 2895 853 2945 die
867 2895 974 2957 obliqua
984 2897 1021 2946 ist
1030 2909 1097 2959 ganz
1110 2897 1321 2960 eigenthdmlich.

65 2967 129 3017 Eine
146 2967 208 3017 sehr
227 2965 360 3015 enisernte
379 2963 503 3025 Analogia
526 2959 645 3022 gewahrt
672 2960 726 3007 Liv.
744 2958 769 3018 1,
788 2959 814 3020 3,
836 2960 867 3011 3;
891 2977 975 3026 repon
995 2961 1117 3012 hominem
1135 2981 1196 3028 esse,
1222 2982 1240 3015 α
1262 2982 1322 3033 qao

64 3034 245 3100 impetres,
266 3030 310 3080 uli
328 3031 377 3090 ias,
398 3028 442 3078 aaa
460 3027 557 3077 intarta
574 3024 693 3092 opressit.
729 3027 789 3077 Tac.
807 3029 872 3078 hnn.
890 3024 914 3091 1,
932 3027 962 3079 7:
987 3031 1086 3097 primas
1104 3031 1251 3083 dominandi
1267 3050 1323 3100 spes

65 3101 93 3149 in
110 3101 209 3161 arduo,·
229 3098 273 3149 uhi
288 3099 335 3148 sis
351 3099 485 3164 inpressas,
505 3093 591 3144 adesse
608 3091 694 3141 studio
712 3100 736 3142 et
755 3095 893 3145 ministros.
914 3125 946 3133 -
968 3101 1177 3150 senescendo
1184 3118 1217 3152 m.
1253 3103 1323 3154 Ent-

66 3170 158 3219 woder
177 3168 365 3232 hyperbolisch
393 3165 423 3227 (s'.
441 3161 499 3227 9,7,
512 3161 552 3226 10)
570 3163 636 3212 oder
653 3162 722 3212 nach
740 3165 814 3214 einer
833 3163 877 3215 bei
894 3165 998 3218 diesem
1020 3169 1097 3220 Wort
1112 3170 1185 3222 nicht
1202 3171 1323 3224 selteneu

66 3236 265 3300 Uebertragung
286 3237 341 3285 thr:
364 3231 534 3299 geschwacht
551 3231 668 3291 werden,
689 3246 769 3280 cuasa
787 3248 837 3298 pro
857 3233 956 3298 effecto.

132 3357 157 3423 1,
176 3357 219 3420 nl,
249 3357 273 3408 6.
294 3359 438 3409 Severo.
458 3361 484 3408 S.
503 3353 578 3417 aud,
599 3353 637 3416 19,
657 3353 680 3404 5.
701 3382 733 3390 -
757 3371 887 3407 secere.
913 3359 955 3408 F.:
976 3375 1036 3410 esse.
1056 3363 1082 3410 S.
1103 3376 1137 3412 zu
1156 3360 1181 3419 3,
1202 3360 1226 3423 1,
1244 3361 1269 3410 7,
1291 3389 1320 3400 .-

64 3426 88 3491 1,
108 3426 150 3490 11,
170 3425 194 3477 7.
229 3425 273 3476 Et
290 3427 382 3492 qaod.
402 3429 444 3476 P.:
465 3424 537 3491 quod.
558 3451 586 3459 -
610 3421 718 3471 lonas.
739 3423 780 3472 P:
802 3423 909 3477 lonium.
935 3427 1020 3491 Vergl.
1041 3430 1069 3478 C.
1086 3427 1110 3490 6,
1128 3427 1152 3488 7,
1171 3426 1196 3479 3.
1217 3454 1250 3465 -
1269 3427 1323 3478 ὴ.

62 3495 217 3561 perdici.
246 3497 273 3544 S.
293 3496 347 3546 htv.
367 3492 409 3558 38,
427 3492 469 3556 37,
488 3491 516 3543 5.·
546 3498 570 3539 et
589 3489 621 3540 al
638 3489 765 3539 Antiocho
795 3489 873 3557 lopati
892 3499 918 3542 et
938 3493 1047 3562 adipeis
1067 3493 1159 3558 Gallo,
1178 3502 1208 3546 ut
1223 3496 1324 3563 pacis

66 3563 159 3629 tepea
178 3562 572 3625 dicerentur,—aeaaana

133 3674 221 3739 1,11,
241 3675 267 3727 8.
308 3675 495 3726 Transii-et.
525 3678 562 3727 P.:
591 3673 730 3725 humaret.
767 3675 820 3726 Der
840 3674 1063 3740 Haupthandlung
1085 3679 1248 3744 gleichzeitig
1270 3694 1321 3744 go-

65 3748 160 3798 dacht:
180 3746 307 3796 wahrend
321 3759 351 3796 er
369 3745 436 3794 libor
452 3745 501 3795 das
519 3747 593 3795 Meer
609 3746 693 3794 setzte
713 3742 766 3792 und
788 3744 832 3794 die
850 3744 991 3794 Phantasie
1005 3746 1062 3796 sich
1082 3748 1130 3796 mlt
1148 3747 1200 3797 den
1218 3748 1324 3801 Btldern

65 3815 114 3867 der
134 3814 249 3864 Zuhunlt
266 3813 450 3875 heschultigte,
476 3814 510 3863 dn
527 3813 569 3862 fiel
594 3826 623 3861 cs
641 3812 695 3860 ihm
714 3811 789 3860 nicht
812 3813 862 3871 ein,
889 3811 945 3862 sich
965 3813 1006 3862 ein
1030 3826 1061 3863 so
1080 3815 1202 3878 geriugos
1219 3817 1271 3866 Ziol
1288 3831 1323 3866 zu

65 3887 172 3935 setzen:
193 3883 241 3931 das
262 3881 379 3942 hochste,
400 3881 449 3931 das
468 3879 642 3931 entiernteste
662 3878 800 3928 schwebto
819 3879 873 3928 ihm
890 3892 948 3928 vor.

133 3969 160 4032 1,
179 3970 219 4034 11,
239 3969 263 4023 9.
297 3969 544 4032 Quidem-sed.
580 3969 719 4020 hehnliche
739 3970 867 4033 Beispiele
895 3983 917 4020 s.
941 3968 1021 4032 zu‘3,
1043 3969 1066 4029 1,
1086 3969 1112 4020 o.
1138 3996 1167 4007 -
1192 3977 1322 4036 portur.

64 4043 113 4092 Dte
133 4041 211 4090 stadt
229 4040 336 4090 Rhodus
358 4038 452 4089 hesass
478 4039 545 4088 awei
563 4038 654 4100 Helen,
682 4039 759 4087 einen
785 4050 898 4100 grossen
920 4039 975 4088 und
1001 4040 1079 4090 elnon
1105 4039 1217 4088 kleinau.
1239 4063 1267 4074 —
1297 4034 1323 4101 1,

64 4106 166 4173 11,11.
205 4106 389 4156 Ludicrum
408 4105 635 4165 Isthmiorum,
661 4106 713 4155 wie
732 4101 893 4171 Ἰσθμίων
913 4105 1119 4175 πανήγυρις.
1162 4105 1321 4168 VorgiLiv.

63 4173 167 4239 33,31,
187 4173 211 4224 1.
233 4201 262 4211 -
284 4174 613 4233 Graeci,atsantt.
634 4173 652 4220 i.
684 4173 727 4222 1⁴1:
758 4179 788 4222 ut
803 4181 862 4221 sunt
884 4172 1041 4223 Graecorum
1060 4181 1078 4226 t.
1096 4173 1113 4223 i.
1143 4172 1229 4237 Vorgl.
1248 4173 1324 4224 Caes.

64 4244 90 4295 b.
111 4259 134 4308 g.
153 4241 179 4302 3,
197 4240 227 4292 8:
245 4249 274 4291 at
291 4249 350 4291 sunt
370 4239 551 4291 Gallorum
569 4239 654 4289 solita
669 4246 693 4288 et
713 4241 846 4306 repentina
867 4239 983 4290 coasilia.
1003 4244 1056 4292 Liv.
1074 4238 1099 4301 1,
1118 4238 1143 4303 7,
1160 4238 1191 4291 5:
1218 4247 1248 4288 nt
1264 4248 1323 4290 ruat

63 4308 308 4375 mutabilcsowlpi
329 4309 414 4359 aniani.
435 4335 463 4346 -
494 4308 691 4375 quindecim.
718 4307 758 4358 F.:
785 4307 921 4358 duodecim.
940 4337 973 4344 -
1001 4308 1117 4358 donum
1136 4308 1321 4358 victoriae.

64 4381 131 4431 Deru
152 4378 248 4441 Begriff
263 4379 331 4428 nach
349 4378 419 4427 kann
439 4391 501 4426 man
522 4374 647 4445 ἀριστεῖον
665 4377 840 4439 rergleichen.
878 4376 953 4426 Doch
973 4377 1068 4440 gehort
1089 4377 1134 4427 die
1151 4375 1324 4442 Verbindung

66 4462 119 4498 von
139 4446 232 4497 donam
250 4448 299 4496 mit
318 4447 378 4496 dem
396 4446 501 4495 Gonitir
520 4446 569 4495 der
586 4444 681 4502 Sache,
707 4444 792 4495 durch
808 4445 909 4494 welche
928 4445 971 4494 die
988 4444 1062 4495 Gahe
1078 4445 1229 4495 veranlasst
1243 4458 1322 4500 wor-

65 4517 128 4575 den,
147 4529 181 4564 zu
194 4515 245 4564 den
263 4517 385 4576 grossten
405 4512 598 4574 Seltenheiten,·
610 4526 640 4562 so
652 4512 724 4575 Virg.
736 4512 799 4562 Aen.
811 4507 896 4573 5,177
914 4511 954 4560 ln:
973 4511 1074 4561 adeam
1085 4519 1177 4561 contra
1191 4511 1262 4561 stetit
1274 4528 1323 4562 cra

61 4582 174 4642 inoffici,
203 4580 251 4642 Oui
271 4581 388 4631 donum
408 4579 511 4630 ustulat
537 4595 679 4646 prepare.
716 4580 771 4630 Der
792 4579 882 4630 Grund
903 4580 965 4644 negt
992 4581 1075 4642 dario,
1100 4581 1163 4632 dass
1182 4595 1214 4631 zu
1231 4579 1323 4630 domm

65 4653 155 4703 seiner
169 4649 342 4714 cigentlichen
355 4650 511 4713 Bedeutung
523 4649 591 4700 nach
609 4652 700 4711 streug
711 4661 870 4712 geuommen
884 4648 944 4699 lroin
956 4646 1104 4711 objectiver
1121 4650 1225 4701 Genitlv
1237 4653 1320 4713 passt.

1103 4717 1122 4777 6
