2820 4964
93 202 157 266 214
560 199 599 279 Q.
619 198 761 260 cuum
779 196 878 260 uum
910 242 914 249 .

97 378 184 434 esset.
216 366 309 431 ¹⁶lam
335 368 454 448 linguae
475 367 647 430 violentiam
669 368 925 447 temeritatemque
954 365 1125 440 verborum,
1155 364 1287 445 quaein
1312 383 1359 426 se-

96 467 255 547 metipsum
275 467 484 541 iaculareutur,
505 465 578 526 nihil
601 466 686 527 uliud
709 485 786 540 esse,
808 484 896 546 quam
920 463 1039 526 scelesti
1061 461 1152 523 animi
1173 461 1303 522 indicem
1324 482 1360 523 aa

96 569 212 626 testem.
257 569 342 645 Quae
368 563 393 625 si
422 583 494 624 vera
517 570 626 640 essent,
658 563 737 624 idem
767 562 913 623 meruisse
940 580 1002 636 eoa,
1026 558 1301 640 xquodl’hilota1u3
1334 559 1360 621 si

97 661 181 738 falsa,
211 661 331 740 exigere
358 661 466 740 ipsum,
496 665 530 720 ut
560 658 707 724 refellant.
751 653 952 720 ”Productus
979 656 1087 718 deinde
1108 656 1295 737 Antiphanes
1322 657 1360 717 de

98 758 184 839 equis
202 778 263 820 nou
284 757 400 818 traditis
420 764 450 817 et
472 756 595 818 adiectis
617 759 704 818 etiam
727 757 857 837 superbe
877 755 965 817 minis
986 754 1106 816 indicat.

178 855 228 916 111.
263 849 290 893 18
300 857 377 915 Tum
398 852 552 931 Amyntas,
579 855 657 914 facta
680 853 800 915 dicendi
822 858 979 933 potestate,
1006 852 1044 912 Si
1059 850 1150 925 nihil,
1165 847 1281 930 inquit,
1310 851 1360 910 in-

100 959 190 1012 terest
213 954 304 1030 regis,
325 957 407 1030 pcto,
430 955 476 1022 ut,
506 950 580 1009 dum
603 951 678 1026 dico,
704 936 837 1013 oraculis
858 949 976 1012 lr'berer.
1016 949 1083 1009 Rex
1104 946 1181 1008 solvi
1198 952 1360 1026 utrumque

99 1049 194 1110 iubet:
224 1047 463 1126 desiderantique
488 1046 643 1125 Amyntae,
672 1055 705 1108 ut
725 1048 843 1109 habitus
865 1065 986 1128 quoque
1005 1043 1185 1105 redderetur
1211 1042 1368 1128 armigeri,¹

99 1130 1360 1223 mmmmdmssmffl.fflQmmuthmaoemmmmffltwfflmeohwstn

101 1260 161 1322 quo
181 1239 344 1300 Alexandri
364 1260 476 1319 eorpus
498 1240 590 1319 paulo
613 1246 680 1302 alite
700 1240 841 1317 iacuerat,
866 1241 1101 1317 Qualiscumque,
1129 1236 1233 1320 inquit,
1260 1240 1362 1298 enims

100 1344 288 1411 ammonet,
309 1357 373 1412 rese,
393 1339 583 1417 confitemur,
610 1358 792 1418 prosperum
813 1337 871 1398 tibi
887 1336 1046 1412 debiturus,
1071 1337 1236 1396 tristiorem
1247 1335 1362 1416 fertra-

100 1454 161 1493 nnc
181 1435 395 1513 imputaturus.
447 1429 558 1495 ²⁰Sine
574 1436 768 1514 praeiudicio
796 1436 926 1496 elicimus
950 1453 1075 1495 causam
1100 1431 1203 1494 le'ben'r
1228 1433 1363 1512 eorpori-

101 1528 155 1590 bur
172 1531 350 1608 animisque.
392 1530 542 1592 Habitum
560 1535 662 1607 etiam,
683 1535 718 1591 in
743 1551 801 1609 quo
820 1540 849 1592 te
869 1533 1015 1592 comitari
1035 1531 1170 1607 solennes,
1191 1529 1361 1591 redelidisti.

101 1626 234 1690 Causam
255 1647 319 1687 nou
333 1646 506 1707 possumus,
513 1629 688 1710 fortunam
711 1629 817 1688 limem
839 1628 1015 1688 desinemus.
1051 1623 1076 1666 2¹
1089 1628 1134 1688 Te
1153 1644 1273 1705 quaeso,
1288 1644 1361 1704 per-

99 1725 206 1783 mittas
226 1723 306 1782 milei
326 1723 362 1784 ut
380 1728 521 1804 primurn
549 1724 718 1804 emanare,
747 1724 829 1802 quod
855 1745 875 1784 a
904 1732 932 1784 te
960 1725 1104 1784 altuinum
1132 1720 1283 1783 abacum
1311 1730 1360 1784 est.

100 1820 170 1896 Nos,
190 1840 256 1894 rese,
276 1823 423 1881 sermonis
443 1822 587 1883 aduersus
609 1823 797 1882 maiestatem
818 1828 906 1880 tuam
928 1818 1029 1880 habiti
1042 1821 1162 1881 nullim
1178 1820 1297 1880 amacii
1312 1838 1362 1879 su

100 1935 169 1975 mus
192 1914 284 1978 nobit.
328 1920 468 1979 Dicerem
486 1918 668 1997 iampridem
686 1919 789 1978 crm‘sse
810 1924 838 1976 te
860 1917 1021 1993 iuvidiam,
1041 1919 1106 1977 nisi
1122 1916 1299 1996 perieulum
1319 1936 1361 1976 es-

100 2020 152 2088 set,
174 2033 214 2073 ne
233 2015 299 2074 alia
322 2016 492 2094 malignius
513 2015 596 2085 dafeca
618 2014 751 2075 crederes
773 2013 888 2074 blanda
913 2016 1053 2074 oratioue
1075 2014 1221 2092 purgari.
1275 2007 1362 2076 ²²02-

101 2117 201 2169 terum
220 2113 344 2171 etiamsi
365 2114 474 2173 militis
496 2114 546 2172 tui
572 2114 622 2173 uel
647 2114 683 2172 in
711 2113 836 2190 agmine
857 2110 1024 2191 deficientis
1047 2118 1078 2171 et
1089 2109 1236 2191 fatigati
1261 2112 1312 2172 trel
1327 2112 1362 2170 in

29 2223 34 2228 ·
101 2207 167 2266 acie
183 2209 393 2285 pem'clitantis
413 2211 463 2270 uel
486 2211 521 2270 iu
550 2207 748 2270 tabernaculo
768 2209 859 2288 aegri
877 2216 907 2268 et
927 2209 1058 2269 uulnera
1084 2208 1227 2267 mirantis
1256 2209 1362 2288 depae

100 2321 161 2364 aaa
182 2306 317 2382 asperior
337 2313 410 2366 esset
436 2314 569 2385 accepta,
597 2326 807 2367 merueramus
822 2303 967 2385 fortibus
986 2304 1099 2386 factis,
1125 2311 1164 2364 ul
1190 2305 1301 2365 mmks
1327 2326 1362 2367 ea

102 2403 233 2481 tenmori
248 2409 352 2462 nostro
373 2405 536 2482 imputare,
555 2423 648 2483 quam
670 2403 784 2462 animo.
831 2396 971 2471 ²³Qunm
990 2401 1067 2480 quiri
1091 2400 1206 2462 accidit
1234 2405 1361 2478 mitius,

103 2516 204 2558 omues
222 2501 270 2558 rei
288 2505 378 2558 sunt:
406 2499 580 2579 corporibus
605 2501 725 2575 nostres,
751 2519 830 2578 quae
855 2499 961 2576 utiquc
990 2517 1054 2558 non
1079 2498 1207 2575 odimus,
1231 2499 1363 2580 infestas

102 2595 296 2655 admonemus
315 2616 443 2656 manus:
465 2605 611 2675 parentes
638 2594 739 2658 liberis
760 2598 788 2656 si
812 2602 987 2672 occurrant,
1014 2602 1046 2654 et
1070 2596 1245 2674 ingratiet
1272 2597 1365 2656 inuisi

102 2697 184 2753 sunt.
227 2691 343 2755 Contra
363 2714 458 2771 qrcum
478 2694 566 2754 clanis
585 2693 785 2766 honoramur,
813 2712 907 2772 quarn
930 2693 1080 2771 praemiis
1110 2694 1214 2752 onusti
1237 2694 1362 2754 reuerti

103 2807 185 2863 mur,
212 2791 279 2869 quis
288 2789 384 2870 ferre
410 2810 465 2851 nos
480 2793 604 2869 potest?
636 2791 703 2869 qun
728 2789 818 2848 illam
847 2790 1023 2848 animorum
1042 2788 1240 2850 alacritatem
1266 2791 1362 2851 coati-

102 2889 200 2948 nere?
250 2879 498 2949 2⁴Mttrtcnnum
524 2907 580 2948 nec
611 2887 788 2966 indignatio
816 2905 872 2945 nec
893 2887 1014 2946 laetitia
1040 2884 1199 2946 moderata
1221 2893 1275 2949 est.
1316 2886 1365 2947 Ad

103 3082 128 3147 2,
148 3080 206 3148 hp.
222 3082 273 3134 227
290 3085 414 3134 bernerkt
433 3087 482 3134 mit
500 3086 627 3136 Unreeht:
648 3083 894 3149 respondisset
914 3082 998 3149 poscit
1016 3081 1103 3148 pecori
1118 3081 1151 3131 ah
1168 3081 1242 3132 initio
1262 3091 1361 3133 senten-

105 3152 156 3200 tiae
170 3152 281 3217 pesitum
299 3159 324 3200 et
343 3168 399 3200 caran
417 3150 464 3199 hoc
481 3151 556 3201 cerlo
577 3150 769 3217 copulandums
784 3152 834 3200 nisi
850 3152 961 3215 sortasse
978 3148 1045 3200 illud
1062 3150 1151 3217 quod
1167 3151 1255 3219 potins
1277 3151 1361 3201 delen-

104 3218 162 3267 dum
180 3225 222 3269 est.
260 3218 317 3268 Hoc
336 3219 391 3268 aeri
407 3217 520 3268 similius.

172 3308 196 3373 7,
215 3307 239 3374 3,
258 3308 298 3362 19.
338 3310 549 3378 Prosperurn.
570 3312 610 3361 F.:
630 3327 780 3378 prosperum
800 3317 921 3360 arelatum.
941 3336 970 3346 -
999 3307 1022 3371 7,
1043 3306 1067 3371 3,
1087 3306 1129 3361 20.
1158 3308 1241 3359 Sine
1256 3300 1362 3376 prae-

104 3376 243 3429 indicio.
268 3381 373 3441 Quintil.
393 3379 418 3443 5,
436 3378 460 3442 2,
484 3379 509 3430 l:
533 3379 827 3447 praeiudiciorum
844 3379 882 3428 uis
902 3376 980 3427 omnis
1001 3375 1081 3426 trihus
1101 3377 1284 3444 ingenuiles
1302 3395 1361 3428 eer-

104 3453 194 3495 satur:
216 3447 289 3498 relus
311 3465 377 3515 quae
396 3447 534 3515 aliquando
556 3465 587 3496 ee
603 3447 709 3514 paribus
727 3447 822 3497 carissis
849 3454 908 3495 sacrat
929 3444 1066 3506 iudicatae,
1093 3445 1300 3512 qrrae'eaempla
1319 3463 1358 3495 re-

105 3514 170 3563 ctius
189 3515 314 3578 dicuntur,
334 3524 363 3566 ut
379 3517 409 3567 de
429 3517 542 3566 rescissis
561 3524 666 3583 patrum
685 3515 855 3576 testantentis;
881 3513 981 3562 iudiciis
998 3512 1033 3561 ad
1051 3513 1133 3579 ipsam
1154 3529 1260 3563 causum
1277 3515 1363 3580 perti-

105 3580 228 3642 nentibus,
251 3586 322 3634 ‘unde
341 3586 418 3636 etiarn
434 3602 524 3635 norreen
545 3583 646 3634 ductam
664 3591 707 3644 est,
732 3582 888 3650 peculia-n
906 3588 995 3630 senatu
1013 3581 1041 3629 in
1060 3578 1180 3630 Milonem
1187 3597 1196 3642 ,·
1224 3588 1272 3630 aut
1292 3598 1365 3649 queunt

106 3648 137 3697 de
156 3650 242 3700 eadem
258 3669 350 3702 caussa
363 3654 556 3720 pronuntiatura
575 3661 617 3703 est.
659 3654 705 3702 ote
727 3652 824 3702 beiden
845 3654 933 3701 ersten
957 3650 1024 3699 Fullo
1043 3650 1150 3699 kilnnen
1170 3650 1229 3699 hier
1244 3654 1365 3701 Anwen-

107 3717 179 3782 dung
195 3719 292 3772 finden.
328 3724 402 3772 Doeh
418 3723 523 3773 scheint
541 3723 584 3772 dio
602 3721 750 3784 Beziehuug
771 3719 819 3768 aus
841 3720 892 3768 den
917 3719 1029 3768 zweiten
1049 3717 1100 3766 lull
1125 3718 1364 3769 vorzuherrseheu.

108 3812 137 3826 π-
158 3785 464 3855 habiturumque.
487 3791 524 3839 F.:
548 3787 667 3850 latitura,
687 3804 742 3853 quo.
779 3789 817 3836 Du
836 3785 974 3835 habitus
994 3787 1051 3835 hier
1073 3782 1223 3835 besouders
1244 3799 1299 3835 von
1320 3788 1367 3837 der

106 3855 276 3920 Bewaltnung
293 3860 454 3909 verstaudeu
474 3858 583 3907 werden
603 3871 677 3907 muss
696 3852 792 3920 (318),
811 3869 841 3905 so
859 3856 929 3903 kann
947 3868 1008 3903 man
1027 3853 1056 3901 in
1075 3851 1155 3901 arinis
1175 3868 1234 3916 csse,
1252 3852 1283 3901 in
1303 3853 1366 3903 lta-

106 3930 174 3983 sta,
201 3923 234 3972 in
256 3925 384 3975 iaculis
401 3926 576 3990 vergleicheu.
611 3926 679 3975 Dass
698 3938 760 3973 man
778 3923 820 3973 die
842 3923 1008 3986 l‘rtrposition
1029 3922 1098 3971 auch
1119 3935 1172 3970 von
1195 3920 1245 3971 der
1264 3935 1366 3986 gunzeu

106 3992 433 4058 Belleidunggebraucht‚
452 3992 569 4044 daritber
588 4007 607 4042 s.
628 4006 661 4041 zu
682 3990 705 4053 3,
724 3988 749 4050 6,
769 3987 792 4041 4.
815 4018 843 4026 -
866 4006 929 4039 nen
946 4003 1131 4055 possumus.
1165 3990 1189 4038 S.
1206 3984 1232 4050 6,
1253 3988 1277 4051 7,
1300 3988 1324 4040 8.
1342 3986 1367 4049 6,

105 4057 146 4122 23,
161 4058 204 4114 27.
221 4059 244 4123 7,
263 4059 286 4125 t,
303 4060 346 4112 30.
385 4063 486 4113 Uusere
506 4061 591 4112 Saohe
612 4061 646 4111 ist
662 4061 777 4124 gereoht
806 4059 861 4109 und
879 4060 915 4108 du
933 4059 994 4108 hust
1014 4071 1064 4108 uns
1083 4056 1152 4107 nooh
1172 4056 1245 4107 nieht
1262 4070 1367 4108 rerur-

107 4128 189 4191 rhein,
206 4130 262 4180 hist
278 4144 328 4181 uns
349 4132 392 4181 eiu
410 4131 546 4194 gnadiger‚
566 4128 667 4192 billiger
687 4129 802 4178 Richter.

173 4218 195 4281 7,
209 4217 232 4283 3,
245 4217 287 4271 21.
319 4220 358 4270 Te
376 4236 504 4287 quaeso.
532 4220 755 4271 VieleCOdd.:et
775 4234 875 4284 quaese
906 4217 981 4268 Mehr
999 4214 1368 4281 drirltesiohsed‚qaaeso,

105 4287 240 4351 permittas
258 4287 527 4351 milissemplehlen.
548 4317 579 4324 -
601 4287 797 4353 malignius.
815 4288 855 4336 F.:
874 4283 991 4351 nealipne.
1005 4311 1036 4319 -
1058 4281 1084 4343 7,
1101 4280 1127 4343 3,
1144 4280 1186 4334 22.
1207 4281 1367 4352 Accepta.

109 4356 194 4418 Vergl.
213 4354 237 4417 7,
256 4356 280 4418 2,
300 4355 337 4406 16.
359 4384 387 4394 -
407 4355 562 4420 sortitus
578 4356 703 4420 sactis,
722 4357 773 4405 wie
792 4357 817 4404 (l.
837 4352 860 4416 7,
881 4352 920 4415 10,
941 4348 989 4402 38:
1008 4351 1120 4415 fortia
1136 4352 1237 4415 faeta
1252 4351 1282 4400 in
1297 4369 1368 4419 pan-

110 4420 146 4469 eis
167 4421 314 4473 laterenon
331 4431 460 4541 poterant.
496 4427 566 4488 Virg.
587 4427 647 4474 Aen.
674 4422 695 4484 1,
716 4420 780 4473 64οῑ
811 4419 963 4487 caelataque
985 4420 1013 4468 in
1036 4434 1101 4469 auro
1120 4418 1244 4468 Fortia
1266 4420 1369 4483 facta

109 4495 228 4553 patrum:
255 4495 310 4542 Liv.
349 4489 375 4552 6,
393 4490 433 4555 39,
451 4491 481 4543 3:
498 4491 585 4542 inultis
602 4489 760 4556 sortibus
776 4490 881 4554 factis
896 4487 984 4556 gloria
1001 4487 1113 4537 militari
1130 4485 1249 4538 illinitis.

177 4578 466 4699 7’·3'142312c⁰ma
484 4584 547 4634 lehlt
565 4584 608 4635 hei
627 4583 650 4633 F.
673 4610 704 4619 -
723 4581 893 4648 praemiis
911 4578 1034 4633 onusti.
1073 4578 1160 4633 [leber
1178 4578 1369 4644 anelogel'dllo

111 4661 132 4697 s,
151 4661 224 4711 zuo,
276 4689 282 4712 ,
319 4658 342 4700 ·.
731 4657 760 4677 '·
