2820 4964
96 164 141 230 aa
562 157 604 242 o.
628 156 769 222 curru
789 158 886 222 nuru

871 253 887 292 o
959 279 964 291 .
992 271 1000 291 ι
1191 270 1197 277 -

97 341 147 397 tur
173 338 327 395 matronae
356 330 561 411 virginesque,
590 329 690 409 patrio
720 349 804 390 more
830 270 1019 390 mc'dmliiltd
1055 325 1208 406 quoddam
1240 346 1362 389 carmen

98 438 249 503 canentes,
267 451 327 510 quo
350 426 508 509 propitiari
528 426 628 487 lovem
645 425 781 501 credunt,
801 431 836 491 ut
856 431 972 486 certum
995 423 1063 484 edat
1084 422 1253 483 oraculum.

137 539 139 544 '
182 528 318 588 XXXII.
353 493 440 584 ²⁵Ad
465 542 515 582 um
534 520 655 602 quidem
664 538 775 601 'regem
796 521 924 600 propius
944 522 1102 581 adeuntem
1123 518 1270 583 maximus
1288 528 1363 583 natu

99 646 116 686 e
141 622 348 686 sacerdotibus
370 621 464 681 filium
484 616 623 698 appellat,
652 620 710 680 hoc
732 636 842 678 nomen
864 616 908 676 illi
929 623 1083 696 parentem
1101 616 1205 676 lovem
1232 617 1363 679 reddere

98 724 255 783 affirmans.
297 719 351 780 llle
374 738 407 779 se
429 735 503 778 vero
526 722 556 775 et
575 714 715 792 accipere
746 714 788 775 ait
825 719 855 774 et
881 731 1063 792 agnoscere,
1092 713 1240 772 humanae
1270 715 1362 776 sortis

98 819 218 883 oblitus.
255 811 449 877 26ΟοιιειιΙιιίι
467 811 589 886 deinde,
610 830 648 871 an
670 811 763 872 totius
784 805 867 872 orbis
885 810 1043 889 imperium
1065 808 1132 868 fatis
1153 808 1212 869 sibi
1231 809 1362 872 destina-

97 920 144 976 ret
160 915 265 994 pater?
306 912 412 992 Aeque
433 909 464 969 in
484 906 685 969 adulationem
708 906 910 985 compositus,
937 912 1084 966 terrarum
1104 905 1238 966 omnium
1264 912 1359 969 recto

97 1030 161 1072 rem
178 1010 247 1070 fore
267 1007 406 1069 ostendit.
443 999 470 1042 ²⁷
477 1005 549 1065 Post
570 1005 648 1064 haec
669 1003 773 1064 institit
795 1020 948 1083 quaerere,
968 1020 1006 1062 au
1029 1020 1134 1062 omnes
1156 1004 1294 1081 parentis
1313 1006 1357 1066 sui

96 1108 306 1169 interfectores
332 1120 446 1182 poenas
474 1099 645 1161 dedissent?
687 1099 840 1160 Sacerdos
867 1104 1024 1177 parentem
1055 1098 1119 1160 eius
1147 1107 1238 1179 negat
1270 1102 1357 1163 ullius

97 1201 212 1264 scelere
234 1220 325 1279 posse
344 1196 461 1272 violari,
478 1195 608 1275 Philippi
627 1201 727 1257 autem
749 1214 853 1256 omnes
874 1193 966 1256 luisse
987 1194 1152 1273 supplicia:
1174 1197 1297 1275 adiecit,
1317 1198 1358 1259 iu-

97 1300 210 1361 victum
230 1299 312 1374 iore,
335 1296 433 1357 donec
455 1293 614 1354 excederet
635 1292 673 1371 ad
694 1293 778 1362 deta
814 1286 1009 1358 2θὸιιοιίίίοἰο
1028 1291 1136 1352 deiude
1158 1294 1253 1372 sacto,
1282 1295 1359 1357 dona

98 1404 129 1459 et
147 1382 355 1456 sacerdotibus
378 1400 409 1454 et
430 1391 488 1451 deo
508 1390 576 1450 data
596 1371 683 1467 sunl,
705 1389 945 1471 permissumque
966 1387 1084 1461 amicis,
1105 1393 1138 1448 ut
1160 1389 1219 1468 ipsi
1237 1411 1358 1472 quoque

97 1492 289 1556 consulerent
309 1491 418 1549 lovem.
459 1486 542 1548 Nihil
564 1486 691 1565 amplius
714 1485 920 1567 quaesierunt,
950 1503 1056 1564 quam,
1084 1504 1122 1544 an
1144 1493 1261 1555 ‚auctor
1282 1495 1359 1551 esset

97 1589 156 1651 sibi
174 1587 281 1649 divinis
293 1585 459 1647 honoribus
478 1581 598 1643 colendi
621 1602 709 1643 suum
731 1584 854 1660 regem?
883 1583 951 1642 lloc
972 1599 1094 1661 quoque
1114 1589 1274 1663 acceptum
1293 1586 1359 1646 fore

96 1685 160 1747 lovi
181 1690 264 1744 vates
285 1680 449 1760 respondet
480 1675 542 1761 [,ut
561 1679 620 1785 ipsi
632 1678 786 1755 ¹victorem
809 1697 910 1756 regem
933 1677 1033 1739 divino
1056 1678 1172 1739 honore
1193 1680 1358 1764 colerent}

96 1776 125 1819 ²⁹
134 1783 215 1841 Vere
244 1785 274 1840 et
302 1776 462 1838 salubriter
486 1754 771 1837 aestimeiit'i'hdem
800 1775 916 1835 oraculi
943 1793 1020 1834 vana
1041 1774 1182 1852 profecto
1211 1796 1360 1857 responsa

96 1877 193 1940 videri
215 1875 397 1957 potuissent:
420 1873 475 1935 sed
494 1874 627 1948 fortuna,
654 1890 732 1951 quos
752 1870 804 1932 uui
824 1871 883 1931 sibi
904 1871 1028 1932 credere
1048 1870 1164 1949 coegit,
1191 1893 1301 1953 magna
1323 1895 1358 1934 ex

97 1981 183 2053 parte
195 1973 301 2033 avidos
320 1969 434 2050 gloriae
456 1968 558 2048 magis,
580 1987 669 2050 quam
691 1987 818 2046 capaces
838 1968 917 2029 facit.
955 1962 1074 2029 ³⁰lovis
1095 1967 1188 2046 igitur
1210 1970 1307 2032 lilium
1326 1993 1358 2034 se

96 2089 160 2130 uon
182 2069 279 2130 solum
304 2066 450 2147 appellari
468 2084 576 2145 passus
605 2071 666 2141 est,
695 2063 750 2124 sed
775 2062 876 2124 etiam.
891 2064 990 2142 iussit,
1018 2083 1178 2145 rerumque
1205 2074 1359 2145 gestarum

98 2167 222 2241 santam,
252 2165 322 2223 dum
344 2183 455 2242 augere
475 2162 541 2223 vult
561 2160 614 2222 tali
641 2159 857 2240 appellatione,
889 2162 1036 2240 corrupit.
1076 2154 1146 2222 ³¹Et
1165 2163 1357 2242 Macedones,

97 2262 208 2323 assueti
233 2260 354 2340 quidem
373 2258 458 2337 regio
485 2257 629 2335 imperio,
657 2257 712 2317 sed
742 2255 772 2315 in
802 2255 916 2318 maiore
945 2257 1093 2321 libertatis
1121 2259 1242 2336 umbra,
1270 2283 1358 2343 quam

97 2364 214 2420 ceterae
236 2361 357 2437 gentes,
377 2351 628 2415 immortalitatem
650 2354 835 2414 affectantem
856 2353 1075 2432 contumacius,
1103 2376 1191 2438 quam
1212 2363 1264 2418 aut
1283 2359 1357 2439 ipsis

97 2453 276 2534 expediebat
298 2457 349 2513 aut
371 2449 453 2529 regi,
481 2449 608 2510 aversati
628 2456 706 2512 sunt.
747 2444 775 2488 ³²
783 2450 846 2512 Sed
874 2451 948 2512 haec
977 2471 1034 2514 suo
1062 2473 1199 2535 quaeque
1227 2456 1357 2534 tempori

96 2554 302 2627 reserventur:
324 2567 405 2608 nuuc
424 2552 525 2608 cetera
546 2547 654 2626 exequi
675 2565 808 2624 pergam.

179 2629 330 2813 >ffb
360 2639 621 2719 vl¹¹2¹hlexander,
646 2643 683 2703 ab
706 2645 871 2704 Hammone
894 2644 1029 2720 rediens,
1051 2651 1085 2707 ut
1101 2646 1251 2709 Mareotin
1273 2650 1358 2729 palu-

97 2744 174 2815 dem,
255 2741 274 2801 d
296 2740 404 2822 procul
427 2741 525 2801 insula
536 2741 634 2801 Pharo
657 2740 753 2815 sitam,
774 2740 865 2815 venit,
889 2741 1109 2820 contemplatus
1128 2741 1191 2804 loci
1211 2751 1357 2824 naturam,

96 2840 227 2919 primum
246 2839 277 2899 in
298 2839 364 2920 ipsa
386 2837 482 2900 insula
500 2842 645 2898 statuerat
665 2837 771 2898 urbem
789 2856 898 2898 novam
922 2839 1062 2900 condere.
1111 2834 1218 2917 ²lnde,
1246 2849 1280 2904 ut
1298 2865 1358 2925 ap-

97 2936 198 3015 paruit
216 2953 340 3012 magnae
361 2933 441 2993 sedis
464 2935 591 2994 insulam
613 2934 699 2992 haud'
710 2952 852 3010 capacem
873 2953 948 3009 esse,
974 2933 1064 3013 elegit
1084 2936 1153 2996 urbi
1171 2937 1284 3015 locum,
1305 2942 1359 3002 ubi

96 3053 177 3093 nunc
200 3036 246 3090 est
267 3028 462 3102 Alexandria,
484 3029 716 3106 appellationem
740 3030 860 3089 trahens
880 3049 918 3088 ex
939 3030 1059 3090 nomine
1081 3034 1223 3095 arictoris.
1266 3036 1357 3098 Gom-

97 3128 205 3207 plexus
226 3123 368 3205 quicquid
390 3123 448 3184 soli
470 3129 516 3183 est
543 3123 622 3182 iuter
650 3123 791 3200 paludem
819 3145 855 3184 ac
883 3145 982 3201 mare,
1010 3126 1162 3206 octogiuta
1190 3131 1357 3194 stadiorum

98 3221 191 3284 muris
211 3219 353 3282 ambitum
375 3219 515 3291 destinat;
534 3225 581 3293 et,
603 3219 654 3300 qui
676 3219 914 3283 exaedificandae
934 3223 1002 3285 urbi
1022 3235 1212 3304 praeessent,
1234 3229 1356 3307 relictis,

167 3461 190 3526 li,
207 3461 250 3523 32,
268 3459 309 3512 25.
334 3459 391 3511 Ac.
413 3463 455 3512 F.:
472 3468 507 3510 at.
529 3489 557 3499 -
575 3458 598 3524 d,
618 3459 661 3522 3⁵2,
681 3460 724 3512 96.
749 3462 868 3530 Aeque.
891 3467 930 3518 F.:
954 3466 1028 3517 Vates
1050 3485 1134 3534 aeque.
1155 3498 1187 3505 —
1206 3467 1233 3530 4,
1253 3469 1298 3532 32,
1314 3470 1355 3521 27.

99 3533 222 3581 Omnes.
243 3531 282 3582 F.:
303 3546 326 3580 o.
343 3529 528 3592 interfectores.
563 3530 612 3580 Dte
632 3532 802 3583 Unwabrheit
819 3534 867 3583 des
881 3535 1048 3598 Aussprucbs
1067 3537 1160 3587 arbellt
1177 3552 1227 3589 aus
1248 3536 1356 3600 7,1,o:

96 3602 133 3650 xl.
152 3613 213 3661 mag
234 3599 277 3648 die
291 3599 413 3647 hntwort
430 3597 628 3661 herbeigchtbrt
648 3600 745 3659 baben,
770 3615 816 3650 um
835 3601 892 3652 sich
913 3604 968 3652 und
987 3605 1061 3654 aeine
1081 3605 1180 3655 Mutter
1199 3609 1356 3670 gagauden

98 3667 232 3718 Vardacbt
254 3666 303 3715 der
326 3667 422 3714 Seinen
448 3680 481 3715 zu
511 3666 647 3717 schutzeu.
688 3670 714 3717 S.
739 3664 765 3726 6,
793 3664 836 3727 it,
862 3666 905 3720 ab.
930 3697 961 3704 —
998 3670 1176 3720 eaeeederet
1199 3673 1356 3737 adoleas,

97 3736 157 3786 eine
175 3735 277 3786 settene
296 3733 450 3792 Redensart,
477 3734 520 3783 die
538 3733 626 3783 Vellei.
648 3735 703 3785 Pat.
728 3733 752 3794 1,
769 3732 793 3798 2,
815 3735 828 3784 1
852 3749 914 3786 vom
931 3738 1059 3789 Hercules
1081 3739 1245 3804 gebraucbt:
1267 3750 1349 3792 oente-

98 3802 161 3852 simo
179 3808 204 3850 et
221 3801 346 3863 uicesimo,
365 3816 441 3866 qaam
459 3797 624 3850 Hercules
641 3801 684 3851 ad
700 3801 782 3851 Deos
798 3813 1003 3855 excesserat.

165 3890 191 3954 d,
208 3891 250 3952 32,
269 3889 311 3941 28.
347 3891 507 3957 Respond
514 3898 553 3944 et.
578 3893 620 3942 F.:
643 3894 782 3959 respondit.
819 3897 869 3946 Die
890 3896 1142 3960 aingakiammerteu
1157 3900 1252 3951 Worte
1269 3900 1356 3952 iebten

97 3965 141 4015 bei
157 3965 184 4013 Z.
206 3988 235 3997 -
258 3957 341 4021 432,
365 3957 406 4009 29.
448 3958 533 4007 Vere
560 3966 591 4008 et
616 3959 810 4010 salubriter
833 3963 1291 4032 aestimanti-potuissent.
1330 3972 1355 4021 Z.

96 4032 162 4095 gab:
181 4045 243 4078 cera
263 4035 288 4078 et
307 4026 406 4076 salubri
423 4027 598 4076 aestimatione
617 4028 678 4092 fides
695 4027 796 4078 oraculi
815 4046 884 4079 carta
902 4033 1017 4096 profecto
1039 4033 1159 4083 eioideri
1176 4036 1308 4101 potirirset.
1324 4064 1353 4074 —

95 4095 119 4159 d,
140 4096 183 4158 32,
204 4095 245 4147 30.
282 4095 455 4161 Corrupit.
481 4095 525 4148 F.:
551 4097 697 4163 eorntmpit.
717 4125 748 4132 -
767 4095 791 4159 4,
811 4096 855 4158 32,
871 4095 912 4148 31.
948 4098 1012 4148 Sed
1031 4102 1066 4150 iri
1080 4101 1219 4150 maiore.
1246 4104 1287 4156 F.:
1312 4104 1357 4153 sed

96 4166 201 4214 maiore.
222 4193 250 4202 -
279 4162 456 4213 libertatis
482 4161 606 4215 umbra.
643 4167 669 4214 C.
694 4166 842 4228 vorgleicbt
861 4167 904 4217 dte
923 4167 1037 4218 Freiheit
1061 4171 1110 4220 mit
1137 4171 1226 4222 cinam
1244 4172 1355 4231 Barrme,

95 4233 343 4366 qlleequnzplraphgqp
358 4233 448 4350 {poue
466 4230 563 4282 Scbutz
581 4232 700 4294 geuthrt
716 4246 800 4297 gagen
819 4234 862 4286 die
879 4235 1033 4299 sengendan
1049 4238 1170 4288 strehlen
1189 4239 1239 4289 der
1258 4241 1354 4291 souue.

164 4388 191 4451 d,
211 4388 255 4450 33,
275 4388 296 4440 1,
328 4388 369 4439 Ut
388 4387 568 4439 Mareotin.
589 4388 631 4440 F.:
649 4395 680 4437 ot
697 4405 714 4438 a
733 4391 801 4440 mari
818 4391 853 4441 ad
869 4391 1012 4444 Mareotim.
1033 4396 1120 4459 Vorgl.
1138 4409 1172 4448 zu
1188 4393 1213 4457 3,
1231 4393 1258 4456 9,
1279 4396 1302 4447 1.
1324 4425 1353 4435 -

97 4456 186 4505 baad
231 4454 333 4506 rooal.
373 4458 422 4506 Die
437 4456 599 4519 Entlernung
617 4455 666 4507 der
685 4458 753 4509 insol
772 4473 835 4510 vom
857 4461 917 4512 Uter
935 4462 1033 4526 betrug
1052 4459 1069 4511 7
1089 4464 1199 4515 Studien
1217 4465 1285 4514 odor
1302 4479 1357 4530 ge-

97 4537 148 4588 gen
234 4526 341 4575 schritt.
360 4550 388 4560 -
409 4519 433 4584 i,
449 4521 492 4583 33,
504 4521 529 4572 2.
549 4521 633 4575 Erre
651 4523 715 4574 tebit
732 4525 776 4577 bei
788 4527 814 4578 F.
834 4552 864 4564 -
884 4527 962 4578 soti.
982 4529 1025 4580 F.:
1043 4527 1101 4579 loot.
1120 4531 1206 4596 vergi,
1219 4529 1245 4591 7,
1253 4528 1356 4593 Mb:

97 4597 220 4659 quantam
237 4589 289 4641 soli
310 4590 615 4658 oemtpaaeraataartrie.
636 4617 665 4629 -
692 4592 993 4660 reaedificandae
1020 4596 1062 4650 lit
1081 4596 1265 4663 ωᾶῥιωὼι.
1301 4602 1357 4653 Der
