2820 4964
228 176 503 257 V111.xhv.'15.
528 184 709 251 16Χ11Ἰ.
734 185 1027 252 1641111111.
1050 188 1150 251 1-6.
1254 184 1320 255 U

54 360 203 440 temporis
222 376 380 438 repressus
402 363 449 418 est
473 356 578 432 imber,
598 363 732 418 ceterum
752 357 830 419 adeo
849 357 965 436 spissae
986 357 1140 418 intendere
1161 375 1194 418 se
1214 355 1318 431 nubes,

54 466 89 522 ut
110 458 278 521 conderent
297 454 405 528 lucem,
434 453 545 532 vixque
569 453 805 533 colloquentium
832 453 910 514 inter
932 455 1018 533 ipsos
1042 455 1134 515 facies
1157 452 1321 513 noscitare-

54 565 113 619 tur.
165 549 369 613 ²⁵Terruisset
395 549 486 612 alium
511 549 643 611 obducta
666 549 850 626 noxqcoclo,
880 569 971 629 quum
1000 550 1105 628 ignoto
1132 569 1218 610 amna
1239 547 1320 613 navi.

55 653 188 732 gaudum
207 654 295 723 esset,
319 646 444 707 forsitan
470 647 557 706 hoste
582 664 648 706 eam
676 646 772 724 ipsam
801 649 905 723 ripam,
937 665 1026 725 quam
1048 645 1132 706 caeci
1153 650 1243 724 atque
1268 644 1321 703 im.

56 747 177 830 providi
197 753 283 806 etex
304 742 442 821 periculo
464 741 590 818 gloriam
611 749 800 802 accersentes
821 741 971 818 petebant,
996 749 1172 820 occupante.
1221 735 1322 801 2601-

56 845 241 917 scuritatem,
270 858 346 920 quae
374 846 493 899 ceteros
517 837 655 911 terrebat,
681 857 768 898 suam
796 838 989 899 occasionem
1007 845 1097 912 ratus,
1128 838 1199 910 dato
1221 835 1320 912 signo,

56 948 91 1003 ut
113 958 218 1001 omnes
240 934 359 998 silentio
381 933 587 1007 ascenderent,
611 940 704 993 ratem
730 953 887 1013 eamque
906 934 971 1012 ipse
992 934 1164 1010 vehebatur,
1193 933 1321 1012 primam

57 1038 146 1101 iussit
164 1032 284 1113 expelli.
334 1026 360 1068 2⁷
370 1032 473 1091 Vacua
496 1035 560 1089 erat
585 1029 622 1087 ab
644 1029 779 1090 hostibus
805 1030 880 1108 ripa,
905 1050 982 1109 quae
1005 1030 1179 1109 petebatur;
1208 1030 1321 1111 quippe

57 1134 158 1196 adbuc
175 1132 277 1192 -Porus
299 1126 503 1188 Ptolemaeum
525 1131 636 1186 tantum
656 1125 834 1187 intuebatur.
859 1128 945 1187 .Uua
965 1146 1039 1206 ergo
1059 1127 1135 1202 navi,
1161 1148 1250 1208 quam
1269 1147 1322 1206 pc.

58 1239 124 1293 trae
144 1229 253 1291 fluctus
272 1223 404 1299 illiserat,
425 1223 575 1296 haerente,
606 1228 723 1285 ceterae
745 1223 890 1286 evadunt:
918 1242 1061 1304 armaque
1083 1243 1192 1303 capere
1213 1224 1321 1285 milites

59 1335 91 1388 et
112 1326 157 1386 ire
178 1325 209 1385 in
231 1321 353 1384 ordines
372 1318 467 1381 iussit.
1193 1341 1200 1351 ·

143 1421 267 1483 XLVll.
310 1409 504 1496 iterumque
525 1437 631 1496 agmen
652 1417 682 1478 in
702 1437 817 1478 cornua
837 1417 964 1479 divisum
985 1418 1050 1495 ipse
1070 1419 1207 1496 ducebat,
1227 1441 1321 1500 quum

61 1520 142 1582 Poro
163 1517 323 1592 nuntiatur,
349 1514 440 1575 armis
463 1512 595 1593 virisque
624 1513 719 1591 ripam
748 1513 876 1574 obtineri
906 1520 937 1574 et
964 1534 1065 1575 rerum
1093 1517 1200 1576 adesse
1220 1517 1323 1578 discri-

60 1635 137 1677 men.
193 1614 239 1674 Ac
267 1615 365 1692 primo
394 1609 513 1671 humani
541 1609 651 1688 ingenii
677 1608 751 1669 vitio
779 1610 845 1687 spei
872 1629 945 1671 suae
975 1611 1143 1690 indulgens,
1175 1595 1323 1674 Abisaren

60 1712 134 1774 belli
157 1709 272 1772 socium
299 1709 408 1789 (etita
436 1708 628 1780 convenerat)
656 1706 818 1765 adventare
848 1707 997 1768 credebat
1040 1701 1132 1768 2Μοκ
1160 1708 1322 1791 liquidiore

61 1809 131 1870 luce
153 1807 304 1886 aperiente
322 1807 448 1877 hostem,
469 1805 494 1866 (1
514 1802 674 1884 quadrigas
695 1808 724 1862 et
739 1802 792 1861 llll
811 1801 892 1863 milia
913 1805 1046 1884 equitum
1064 1804 1194 1866 venienti
1213 1806 1323 1886 agmini

62 1905 181 1968 obiecit.
216 1907 285 1964 Dux
307 1909 370 1965 erat
394 1901 558 1979 copiarum,
582 1892 659 1979 quas
672 1897 834 1978 praemisit,
848 1899 948 1977 Hages
968 1902 1060 1961 trater
1083 1900 1186 1978 ipsius,
1207 1924 1324 1966 summa

62 2003 170 2064 virium
192 2002 221 2062 iu
243 2000 390 2061 curribus.
428 1991 548 2058 ³Seuos
567 1997 649 2056 viros
662 1994 771 2074 singuli
791 1995 946 2072 vehebant,
969 1998 1047 2058 duos
1067 1997 1228 2075 clipeatos,
1244 2000 1322 2063 duos

60 2098 241 2177 sagittarios,
266 2097 303 2156 ab
324 2103 454 2174 utroque
474 2093 567 2153 latere
589 2091 768 2168 dispositos;
789 2091 911 2169 aurigae
930 2100 1014 2154 erant
1030 2093 1132 2169 ceteri,
1154 2095 1232 2157 haud
1250 2115 1322 2158 saue

61 2196 202 2264 inermes,
233 2190 344 2268 quippe
367 2189 465 2249 iacula
482 2185 647 2263 complura,
671 2186 725 2245 ubi
747 2187 884 2246 cominus
906 2186 1115 2264 proeliandum
1135 2198 1209 2267 erat,
1233 2193 1324 2254 omis·

62 2292 106 2351 sis
128 2285 261 2358 habenis,
287 2283 318 2341 in
339 2284 455 2342 hostem
478 2280 659 2357 ingerebant.
705 2274 869 2340 ¹¹Geterum
892 2281 942 2341 vix
962 2283 1043 2345 ullus
1065 2304 1139 2347 usus
1162 2287 1250 2348 huius
1271 2296 1325 2350 au·

63 2384 128 2446 xilii
152 2402 188 2442 eo
213 2381 260 2440 dic
283 2377 348 2439 fuit.
390 2378 536 2455 Namque,
559 2381 702 2452 utsupra
723 2376 833 2436 dictum
855 2383 910 2451 est,
931 2377 1026 2438 imber
1044 2380 1214 2457 violentius,
1234 2404 1324 2462 quam

62 2481 146 2554 alias,
166 2479 250 2537 lusus
272 2493 396 2552 campos
416 2472 551 2532 lubricos
574 2478 603 2531 et
623 2469 831 2550 inequitabiles
853 2470 979 2544 fecerat3
1011 2493 1178 2554 gravesque
1201 2484 1232 2537 et
1253 2498 1323 2556 pro.

64 2575 228 2657 pemodum
251 2571 419 2632 immobiles
446 2585 554 2629 eurrus
575 2565 676 2627 illuvie
704 2585 740 2626 ac
762 2567 955 2644 voraginibus
975 2568 1146 2635 haerebant.
1190 2568 1325 2638 5Contra

64 2670 236 2734 Alexander
263 2667 404 2745 expedito
433 2684 470 2724 ac
497 2663 558 2724 levi
583 2662 699 2740 agmine
725 2668 848 2723 strenue
876 2662 1012 2726 invectus
1038 2672 1093 2726 est.
1136 2667 1267 2747 Scythae
1294 2681 1326 2734 et

64 2769 168 2830 Dahae
190 2763 278 2844 primi
303 2762 437 2825 omnium
463 2761 598 2820 invasere
617 2758 724 2819 ludos:
751 2758 927 2821 Perdiccam
948 2761 1056 2821 deinde
1084 2782 1152 2822 cum
1173 2765 1323 2845 equitibus

65 2865 96 2926 in
120 2863 257 2922 dextrum
285 2878 382 2920 cornu
408 2855 538 2918 hostium
566 2853 669 2917 emisit
713 2848 794 2914 6lam
826 2855 959 2939 undique
986 2877 1087 2943 pugna
1112 2878 1146 2920 se
1173 2874 1323 2941 moveram

65 3130 147 3178 gann,
173 3129 216 3164 wo
239 3114 278 3165 sie
303 3112 373 3163 wohl
390 3110 475 3163 durch
493 3110 541 3162 das
566 3112 700 3162 Unwetter
724 3096 890 3176 autgebalten
915 3117 1004 3177 ward;
1027 3131 1113 3183 gagen
1132 3119 1241 3183 Morgon
1259 3117 1325 3173 aber

66 3180 127 3243 (ὑπὸ
148 3181 194 3252 τὴν
212 3180 264 3244 ἕω),
287 3185 346 3244 sagi
363 3182 428 3242 Arr,
448 3176 463 3228 1
482 3195 510 3228 τε
528 3177 622 3246 ἄνεμος
640 3179 685 3229 καὶ
706 3176 719 3228 ὁ
741 3176 838 3250 ὄμβρος
857 3181 1008 3251 κεκοίμητο.

136 3271 160 3335 8,
182 3270 282 3335 4616,
315 3269 467 3320 Silentia
492 3270 731 3319 ascenderent.
765 3274 790 3321 S.
809 3273 864 3324 Liv.
890 3270 913 3334 4,
936 3272 976 3338 51,
1003 3272 1051 3326 38:
1079 3274 1325 3328 taraconensem

66 3341 187 3407 irnpetnm
207 3340 390 3389 inwrrentinm
410 3336 551 3386 silentio
571 3338 775 3405 exciperent.
786 3326 862 3405 isliu,
878 3339 902 3403 3,
923 3340 966 3401 7⁸2,
984 3341 1011 3393 1:
1030 3342 1143 3393 comi„
1163 3360 1240 3410 quw„
1256 3343 1325 3394 sea..

63 3409 149 3476 ptium
168 3425 219 3456 non
246 3407 382 3456 silentio
405 3405 486 3467 modo,
512 3405 631 3456 sederem
649 3421 753 3454 asserant
776 3399 853 3456 elilim
878 3409 997 3460 audiri
1024 3411 1267 3462 animadvertissent.
1294 3439 1322 3449 -

65 3483 173 3525 ratem
196 3474 469 3533 eam.F.:inratea,
488 3489 549 3527 earn
570 3499 598 3509 -
629 3472 656 3533 8,
673 3470 716 3535 46,
732 3471 774 3532 27,
804 3473 987 3532 Haerente.
1015 3480 1041 3528 S.
1058 3476 1082 3542 9,
1102 3475 1146 3541 36,
1165 3476 1213 3531 19:
1234 3477 1325 3535 elassis

62 3543 214 3622 partimin
229 3542 313 3591 vado
331 3539 502 3590 haerebat.

134 3640 159 3706 8,
177 3639 219 3703 47,
242 3641 262 3704 1,
299 3641 315 3690 1
321 3657 442 3707 amque.
481 3643 528 3697 mit
559 3641 661 3697 diesem
694 3642 835 3695 ausdruck
862 3645 1036 3696 verschleiert
1061 3648 1089 3701 c.
1115 3648 1159 3699 die
1186 3650 1325 3701 mnhsame

64 3711 271 3773 Durcbltibrung
295 3711 342 3760 des
367 3709 561 3772 Uebergangcs,
591 3709 691 3758 welche
716 3709 802 3758 durch
828 3711 871 3760 die
893 3712 1104 3770 Bescballcpbcit
1125 3717 1173 3769 der
1196 3718 1326 3769 Lohalitat

65 3780 130 3829 sehr
147 3779 294 3828 erschwcrt
310 3778 410 3826 wurde.
446 3778 521 3826 Denn
542 3775 611 3825 nach
634 3777 682 3825 der
697 3777 826 3840 Landung
851 3778 900 3828 aui
919 3781 979 3832 dem
999 3782 1165 3844 Landstrieb,
1190 3785 1244 3835 den
1263 3798 1326 3835 man

65 3847 109 3896 mr
127 3847 175 3896 das
195 3846 295 3895 andere
314 3844 375 3894 Uter
392 3843 513 3907 gehalten
530 3845 613 3901 hatte,
632 3842 713 3905 ergab
732 3857 761 3892 es
779 3845 845 3903 sich,
873 3847 936 3896 dass
959 3847 1048 3901 dieser
1070 3863 1122 3899 nur
1136 3851 1239 3902 wieder
1265 3852 1326 3903 eine

64 3914 134 3963 lnsel
152 3915 189 3962 im
207 3914 297 3963 Flesse
317 3913 370 3970 sei;
397 3911 452 3960 und
472 3924 550 3960 wcnn
579 3911 627 3958 der
644 3913 714 3972 Arm,
742 3911 791 3960 der
816 3911 889 3963 dicae
913 3926 977 3963 vom
1001 3915 1110 3966 wahren
1134 3917 1196 3967 Uter
1212 3920 1326 3980 treanta,

66 3982 137 4031 auch
158 3982 231 4030 nicht
248 3981 311 4030 sehr
328 3979 399 4029 brcit
415 3992 479 4039 war,
506 3990 537 4027 so
554 3977 626 4026 hatte
644 3977 714 4026 doch
737 3977 786 4028 das
805 3979 991 4043 Regenwetter
1015 3983 1083 4033 atich
1109 3985 1153 4035 ibn
1173 3984 1329 4037 bedeuteud

66 4048 256 4112 angcschwcllt
278 4047 331 4096 und
353 4046 397 4096 die
418 4045 498 4094 Furth
518 4057 575 4093 war
596 4058 649 4098 nur
665 4045 770 4095 scbwcr
791 4060 824 4095 zu
842 4050 971 4109 passiren.
994 4075 1022 4085 -
1050 4050 1251 4114 nuntiatur,
1278 4054 1329 4105 mit

68 4118 126 4179 lolg.
148 4118 208 4165 hcc.
230 4129 291 4164 cum
312 4114 386 4163 lnfin.
422 4112 528 4162 Ebeuso
546 4126 567 4160 z.
584 4112 611 4162 Β.
632 4110 675 4160 bel
691 4110 859 4162 nuntiabatur
874 4111 898 4175 3,
916 4113 957 4174 13,
981 4115 1017 4166 10.
1037 4114 1063 4177 4,
1080 4114 1122 4179 61,
1141 4114 1164 4170 8.
1186 4121 1241 4171 und
1257 4136 1327 4170 narn-

67 4184 160 4233 tiatrnn
180 4178 310 4242 011169,
331 4179 368 4230 15.
384 4207 412 4216 -
435 4179 538 4229 armis
554 4178 720 4243 virisque,
740 4181 792 4230 wie
811 4177 835 4242 9,
854 4179 897 4241 24,
919 4181 950 4232 7:
969 4182 1076 4251 impleat
1093 4187 1198 4236 armis
1215 4187 1326 4237 airia-

64 4268 127 4316 qne
145 4258 226 4302 totum
245 4248 336 4299 orbern.
359 4245 385 4307 8,
399 4244 440 4309 49,
452 4245 500 4297 27:
513 4246 654 4313 praecipua
667 4245 790 4299 terribilis
805 4247 855 4298 illa
871 4249 953 4313 facies
966 4258 1030 4315 nat,
1045 4268 1122 4319 ῳωιι
1138 4270 1216 4305 mm
1232 4271 1327 4307 arma

64 4319 225 4384 viresqne
250 4316 416 4383 corriperent,

135 4407 159 4472 8,
180 4407 221 4469 47,
239 4406 264 4458 1.
298 4404 506 4472 Liquidiora
525 4402 603 4454 lnce.
638 4404 722 4467 Vergl.
740 4402 766 4466 7,
783 4401 823 4469 43,
844 4403 887 4460 a1.
909 4435 937 4444 —
960 4407 1093 4462 obiecit.
1114 4413 1157 4465 R:
1177 4410 1258 4463 Peras
1280 4412 1329 4465 ol-

65 4477 135 4526 16611.
156 4505 187 4514 -
206 4474 230 4536 8,
249 4473 290 4538 47,
309 4472 334 4523 4.
355 4474 370 4523 1
378 4473 487 4524 tiocia
506 4488 545 4521 nc
564 4471 794 4537 corapinibns.
834 4475 914 4526 lenes
931 4476 1037 4530 bezieht
1058 4481 1117 4531 sich
1137 4482 1185 4531 aul
1200 4481 1244 4534 die
1267 4496 1330 4538 vom

66 4547 157 4609 hegen
170 4558 237 4608 ganz
257 4543 475 4606 ausgeweichten,
493 4540 657 4604 autgelosten
675 4540 836 4592 struendas
855 4544 970 4607 bodens,
996 4546 1084 4600 dieses
1101 4551 1146 4599 aut
1171 4550 1214 4605 die
1236 4550 1331 4611 ttcseru

67 4614 171 4670 becher
191 4612 247 4670 und
265 4611 348 4673 hissa,
364 4611 408 4661 dia
423 4612 501 4673 jener
517 4607 727 4674 ausgewascban
747 4609 830 4662 batte.
1242 4603 1255 4611 ”

1092 4685 1130 4749 19
