2820 4964
105 164 167 228 172
271 190 274 195 ·
353 163 392 244 Q.
409 161 551 225 CURTIl
575 160 672 225 nuri
696 160 733 225 V.
746 106 937 233 ,xxxviii
962 160 1113 225 stans.

103 331 181 393 velle
209 331 416 409 constiterant,
451 337 537 393 aestu
566 329 716 410 simulque
738 330 913 397 vulneribus
940 330 1069 409 fatigata
1101 322 1225 389 2⁴Hnud
1253 330 1365 407 procul

103 435 168 490 erat
189 430 272 504 fonS,
302 429 341 490 ad
362 448 451 510 quem
472 433 668 491 monstratum
692 428 835 507 aperitis
857 426 1046 506 Polystratus
1071 423 1197 487 Macedo
1226 424 1277 486 siti
1306 446 1365 486 rna-

103 528 223 587 aeratas
243 526 383 599 accessit;
406 546 443 589 ec
465 525 536 587 dum
554 524 640 603 gelen
659 525 794 585 nemum
815 543 923 606 aquarn
944 522 1059 597 sorbet,
1082 521 1143 584 tels
1161 521 1365 584 iumentorum
1388 601 1391 608 Ι

103 622 303 683 deficientium
325 621 505 700 corporibus
521 621 619 680 infixa
632 619 800 698 conspexit
837 615 1055 701 inlicitisque
1077 620 1220 682 confosse
1252 601 1364 698 potins,

104 728 193 799 quam
216 719 322 780 abacta
338 737 413 795 esse,
435 712 658 779 semivivi***
1075 734 1079 743 ·
1231 734 1234 740 ·

171 899 196 964 5,
214 898 257 963 38,
274 896 315 951 24.
356 897 568 948 Maceratus.
608 900 634 949 S.
655 898 710 948 niv.
731 893 773 960 26,
795 895 889 959 13,-8:
915 896 1025 948 alterum
1042 913 1137 950 minum
1153 897 1361 949 circummllatas

103 966 263 1034 inclusosque
292 983 337 1017 nos
361 967 449 1030 fame
473 973 661 1025 macerant.
688 993 717 1003 -
749 964 775 1025 5,
793 963 833 1028 38,
850 963 891 1016 25.
922 965 1096 1018 Semiviri.
1128 968 1176 1031 Dio
1202 968 1293 1018 Lttckc
1319 968 1362 1018 het

104 1037 265 1088 Freinsheim
285 1036 333 1085 nus
347 1034 468 1097 fulgendo
487 1035 577 1084 Weisc
597 1034 749 1097 ansgesstlit:
769 1033 876 1083 bominis
890 1034 1012 1099 percitum
1026 1035 1145 1102 percipit.
1183 1033 1277 1100 Itaque
1296 1050 1362 1085 more

103 1105 198 1170 inpersii
216 1103 320 1153 humani
340 1101 445 1166 cupidas
463 1100 567 1169 naurdi,
592 1101 655 1167 quid
672 1101 716 1149 rei·
730 1100 845 1151 rebiculc
865 1102 914 1151 isto
940 1100 1099 1166 conderetur,
1124 1102 1227 1151 dimotis
1243 1101 1361 1170 pellibus,

121 1171 193 1221 uibus
215 1169 341 1219 obtectum
364 1176 428 1233 erat,
453 1166 562 1225 Darium
577 1166 664 1218 multis
687 1167 832 1219 uulneribus
858 1169 1000 1233 confossum
1026 1170 1099 1230 (lust.
1120 1168 1160 1231 11,
1181 1168 1223 1234 15)
1243 1171 1360 1249 repperit.

102 1188 1197 1356 leitirreirnrtnrrrmrrart
1219 1237 1359 1355 terti

104 1375 147 1441 qui
163 1381 222 1439 post
242 1344 413 1436 matamala,
441 1379 542 1439 tamque
550 1320 655 1439 bracii,
681 1371 730 1421 lsoc
747 1379 832 1422 tamen
853 1321 1314 1436 emanarindsolartimmwomntm
1337 1341 1363 1422 iri

102 1440 239 1492 solitudine
258 1448 397 1490 entremum
415 1440 533 1505 spiritum
552 1438 698 1505 effunderet.
735 1439 826 1509 Itaque
849 1447 881 1501 te,
902 1440 993 1507 inquit,
1019 1440 1132 1506 quisquis
1153 1456 1178 1490 es
1204 1439 1361 1499 mortalium,

100 1527 149 1578 per
166 1525 320 1560 communem
336 1508 463 1558 bominum
478 1514 580 1570 sartan,
600 1523 618 1557 a
634 1523 687 1574 qua
706 1523 753 1557 nec
769 1507 894 1557 maximos
911 1523 999 1574 repunt
1017 1515 1145 1575 eamnptos
1165 1525 1218 1559 esse
1232 1509 1361 1576 promenti

102 1577 249 1647 spectaculo
267 1577 383 1640 mannis,
401 1593 464 1642 rapo
484 1592 633 1642 quaesoque,
655 1582 685 1624 ut
703 1575 767 1625 baec
783 1575 819 1625 ad
837 1574 1016 1627 Alexandrum
1031 1576 1156 1631 marrdata
1171 1593 1229 1627 mea
1247 1578 1362 1644 perferas

103 1648 203 1709 (lustin.
223 1644 261 1707 11,
283 1643 339 1707 15):
362 1642 428 1692 nibil
447 1660 539 1706 eornm,
565 1658 630 1709 quae
651 1641 729 1710 lonqe
748 1643 895 1694 tristissima
914 1648 1048 1712 perpessus
1065 1660 1127 1707 sum,
1155 1661 1188 1694 ne
1211 1644 1281 1695 bunc
1306 1645 1361 1711 qui-

55 1731 58 1737 ’
103 1715 158 1763 dem
180 1710 390 1791 incomparabilis
415 1709 571 1760 calamitatis
600 1710 703 1791 ercitum,
725 1712 764 1760 ita
782 1718 888 1777 qraoem
913 1711 976 1762 milri
1001 1710 1132 1773 accidisse,
1158 1719 1189 1761 ut
1210 1712 1262 1762 lsoc
1279 1728 1360 1773 unum,

103 1787 246 1913 ttett‘
257 1787 461 1912 ftft'tt
471 1795 587 1912 ’11Ξὶἒῖ
608 1778 845 1897 titum
873 1777 1362 1915 iiiii‘maiiiiaiibii

102 1919 168 1968 rotis
188 1916 258 1984 apud
276 1916 334 1966 deos
350 1916 389 1964 nis
409 1921 455 1976 est,
480 1922 504 1964 et
524 1930 581 1965 curn
597 1915 652 1982 ipso
677 1915 770 1979 spiritu
785 1915 907 1981 profusas
926 1932 1017 1983 preces
1036 1915 1121 1966 mitius
1142 1914 1253 1983 aliquod
1276 1933 1362 1967 numen

104 1985 225 2047 eraudit3
244 1983 290 2034 ille
311 1983 410 2050 quidem
428 1982 512 2050 sospes
533 1989 558 2032 et
575 1981 715 2046 incolumis,
738 1981 859 2048 lonqeque
883 1999 963 2049 supra
987 1984 1132 2050 contaqium
1150 2000 1222 2034 meac
1246 1986 1361 2036 corruet

103 2053 225 2103 invidiam
243 2054 365 2116 fortunae
381 2051 487 2118 positsu,
512 2051 540 2100 in
556 2049 620 2100 solio
640 2050 702 2116 Cyri
716 2049 858 2118 plurimam
877 2058 987 2117 aetatem
1003 2053 1105 2119 eaiqat:
1132 2067 1245 2120 suaeque
1263 2053 1361 2103 curuis

103 2139 204 2185 mersor,
223 2136 277 2170 eum
293 2119 373 2169 matri
392 2117 527 2185 liberisque
545 2119 605 2168 meis
625 2116 707 2168 locum
725 2119 795 2186 apud
808 2135 836 2168 se
852 2134 904 2168 esse
918 2119 1045 2184 patiatur,
1058 2136 1130 2186 quem
1146 2119 1189 2170 illi
1206 2121 1259 2186 fide
1278 2128 1302 2171 et
1318 2119 1361 2171 ob—

102 2190 189 2256 sequio
214 2188 359 2238 meruerint.
396 2185 434 2236 As
455 2185 604 2254 parricidas
623 2194 768 2254 promptum
791 2187 898 2237 exitium
920 2195 1096 2254 consequatur,
1127 2188 1197 2256 qiud
1214 2188 1362 2240 Armate

103 2256 238 2324 irroqabit,
255 2255 279 2304 si
297 2271 348 2305 non
366 2254 543 2305 misericordia
560 2254 670 2319 infelicis
688 2255 774 2317 bostis,
801 2254 893 2306 saltem
917 2255 974 2305 odio
1001 2257 1154 2321 facinorum,
1182 2265 1205 2307 et
1227 2273 1261 2306 ne
1280 2258 1361 2325 impu·

103 2326 160 2375 nita
176 2325 204 2374 in
220 2321 331 2373 aliorum
352 2323 428 2372 etiam
445 2339 532 2390 requm
551 2339 672 2389 suumque
690 2322 769 2388 ipsius
793 2323 899 2373 exitium
924 2330 1065 2392 erumpant.
1105 2324 1168 2375 Post
1192 2325 1267 2388 baec,
1291 2342 1362 2393 quum

103 2393 147 2444 siti
163 2399 307 2460 anqeretur,
328 2390 413 2440 allata
429 2408 478 2457 per
494 2389 668 2456 Polystratum
686 2407 756 2457 aqua
772 2398 912 2452 recreatus,
931 2391 1010 2458 Erpa,
1032 2393 1071 2442 ait
1087 2393 1162 2454 (Plut.
1173 2395 1211 2447 Al.
1224 2390 1280 2457 43),
1300 2394 1362 2444 banc

106 2463 183 2513 etiam
204 2461 282 2511 tantis
304 2457 494 2509 calamitatibus
513 2465 652 2509 extremam
672 2459 793 2509 accedere
812 2459 934 2526 oportuit,
953 2467 982 2509 ut
1004 2460 1063 2511 bene
1080 2461 1305 2529 macomariam
1320 2478 1361 2511 re-
1395 2512 1400 2521 ,

103 2531 173 2594 ferre
189 2545 240 2578 non
255 2529 366 2594 possim;
386 2534 414 2576 at
428 2528 523 2590 referet
539 2524 706 2588 Alexander,
725 2525 877 2577 Alexandro
895 2544 955 2577 cero
969 2527 1014 2580 dii.
1048 2526 1175 2578 Dextram
1193 2528 1287 2579 deinde
1298 2547 1362 2598 pro-

105 2597 192 2658 tendit,
214 2612 317 2662 eamque
337 2594 499 2654 Alexandro,
526 2593 585 2658 fidei
603 2594 690 2660 reqiae
713 2596 814 2662 pipnns,
838 2594 904 2659 ferri
923 2594 1017 2660 iubens,
1043 2594 1206 2663 apprehensa
1221 2595 1363 2664 Polystrati
1395 2594 1408 2665 ζ’

103 2681 181 2716 manu
205 2665 317 2714 animam
343 2663 440 2727 efflauit
465 2663 537 2723 (lust.
558 2660 596 2724 11,
620 2661 669 2726 15).
707 2661 858 2712 Alexander
884 2678 920 2713 an
941 2664 1053 2729 spiranti
1076 2664 1160 2721 misac
1181 2667 1361 2732 supervenerit,
1404 2688 1407 2695 ·

103 2735 228 2785 incertum
243 2739 280 2782 est
299 2733 382 2793 (Diod.
403 2729 442 2794 17,
459 2727 516 2792 73):
544 2728 611 2778 illud
631 2737 738 2794 constat,
759 2728 899 2780 miserabili
916 2731 984 2797 repis
1004 2731 1188 2799 opulentissimi
1202 2734 1276 2783 eaitu
1295 2750 1362 2784 com-

101 2809 186 2869 perto,
202 2801 317 2868 copiosas
331 2799 452 2850 lacrimas
463 2797 618 2865 profudisse,
635 2799 772 2864 statimque
781 2797 913 2864 chlamyde
930 2797 979 2848 sibi
994 2799 1113 2850 detracta
1125 2814 1219 2868 corpus
1236 2803 1364 2869 operuisse

105 2878 130 2920 et
155 2886 245 2936 maqno
273 2885 329 2918 cum
356 2868 451 2917 bonore
470 2866 505 2915 ad
520 2882 578 2915 suos
598 2866 694 2931 deferri
717 2867 824 2929 iussisse,
850 2873 879 2917 ut
901 2867 971 2933 reqio
994 2866 1131 2919 Persarum
1152 2885 1224 2919 more
1247 2878 1364 2920 curatum

103 2938 268 2988 monumentis
287 2937 412 2987 maiorum
431 2936 572 2998 inferretur
592 2936 666 2996 (lust.
688 2933 727 2997 11,
748 2934 797 2999 15).
821 2934 1035 3001 Inqratitudinem
1053 2935 1186 3000 bominum,
1204 2953 1223 2988 a
1242 2939 1301 3003 quis
1319 2954 1364 3005 pro

103 3007 205 3056 summis
222 3005 346 3068 benefieiis
368 3001 470 3053 crudele
488 3003 594 3054 exitium
610 3002 707 3053 Darius
723 3000 841 3070 pertulit,
863 3019 1015 3071 quamquam
1028 3011 1117 3071 suopte
1134 3004 1235 3071 nqeue
1253 3006 1364 3057 borren-

104 3074 163 3123 dam
180 3080 205 3122 et
229 3070 406 3130 execrabilem,
431 3070 568 3134 insiqniore
594 3071 629 3120 ad
646 3072 823 3138 posteritatem
847 3071 957 3136 infamia
982 3071 1113 3123 damnarit
1136 3074 1208 3124 canis
1233 3074 1364 3125 cuiusdam

103 3141 171 3189 mira
196 3139 264 3203 fides,
288 3139 337 3203 ¹qui
359 3136 391 3186 ab
417 3136 528 3185 omnibus
554 3137 727 3200 familiaribus
744 3138 865 3188 derelicto
891 3138 960 3189 solus
981 3139 1072 3204 adfuit,
1102 3146 1128 3189 et
1145 3156 1223 3206 quam
1236 3142 1267 3192 in
1283 3145 1364 3195 cirum

102 3223 168 3275 prae
184 3224 210 3255 se
230 3204 290 3254 tulit
307 3204 512 3264 benevolentiam,
533 3206 652 3256 morienti
668 3223 766 3272 quoque
783 3214 930 3256 constanter
948 3208 1087 3274 praestitit.
1117 3206 1194 3259 Hunc
1205 3211 1278 3261 uitae
1293 3213 1364 3277 mrem

104 3274 209 3325 sortitus
227 3280 265 3323 est
282 3272 336 3333 ille,
365 3289 437 3339 quem
454 3272 527 3322 modo
547 3273 700 3325 contumelia
718 3275 791 3338 affici
804 3273 944 3351 putabant,
970 3275 1021 3325 nisi
1038 3292 1122 3343 repens
1141 3292 1238 3343 repam,
1263 3287 1291 3329 et
1306 3279 1364 3329 deo-

104 3360 161 3394 rum
175 3342 385 3409 consanquineum
399 3338 558 3391 salutarent:
576 3357 715 3409 mapnoque
731 3343 824 3392 iterum
842 3343 1011 3409 experimenta
1031 3359 1048 3393 a
1064 3343 1200 3411 probatum
1217 3353 1266 3407 est,
1284 3348 1363 3398 nemi-

104 3429 160 3462 nem
177 3411 257 3478 mapis
272 3418 363 3478 patere
389 3410 519 3474 fortunae,
545 3426 621 3477 quam
641 3410 685 3476 qui
700 3408 818 3477 pluribus
842 3410 950 3461 eiusdem
968 3409 1034 3461 'blan
1051 3412 1105 3462 itiis
1129 3412 1253 3480 irretitus,
1281 3415 1365 3483 iuqum

104 3479 175 3531 illius
193 3487 248 3530 tota
265 3479 363 3530 ceruice
381 3477 511 3545 receperit.
