2820 4964
81 220 84 225 .
115 174 173 239 raa
576 175 617 256 o.
635 174 778 239 cunin
795 176 894 242 nuri

111 364 170 427 que
190 345 310 407 confusi
328 345 393 406 sine
416 344 503 419 duce,
524 344 645 406 armatis
664 346 809 423 inermes,
833 347 957 428 integris
985 348 1099 411 debiles
1129 350 1368 430 implicabantur.

110 441 279 519 ¹²Deinde,
299 442 504 506 misericordia
526 443 556 504 in
574 452 685 505 metum
704 459 804 520 versa,
835 444 887 526 qui
910 446 996 527 sequi
1024 467 1087 509 non
1109 455 1269 528 poterant,
1295 451 1370 511 inter

110 551 231 606 mutuos
253 541 379 622 gemitus
399 541 621 602 deserebantur.
653 539 725 601 Sitis
742 543 905 622 praecipue
926 543 1066 624 fatigatos
1087 552 1118 608 et
1139 547 1261 609 saucios
1283 567 1370 627 peru-

111 641 210 716 rebat,
236 639 406 719 passimque
429 638 568 700 omnibus
589 636 661 698 rivis
683 645 908 717 prostraverant
931 660 1078 721 corpora,
1106 644 1371 722 praeterfluentem

112 757 219 820 aquam
240 736 332 797 hianti
350 755 405 798 ore
433 741 595 814 captantes.
633 729 763 816 ¹³Quam
789 758 882 818 quum
908 738 994 801 avide
1017 739 1168 803 turbidam
1193 742 1370 819 hausissent,

111 835 309 897 tendebantur
327 831 477 912 extemplo
498 833 677 912 praecordia
696 842 850 913 premente
869 835 955 913 limo,
975 836 1178 919 resolutisque
1199 845 1230 900 et
1248 846 1371 919 torpen-

110 934 191 995 tibus
203 929 355 1004 membris,
377 949 469 1009 quum
481 930 705 1010 supervenisset
724 931 820 994 bostis
850 952 891 994 no
913 932 919 946 '
958 934 1133 997 vulneribus
1154 937 1368 1000 excitabantur.

110 1026 136 1069 ¹⁴
147 1030 292 1110 Quidam,
319 1026 476 1107 occupatis
498 1027 644 1106 proximis
666 1027 751 1103 rivis,
840 1011 981 1092 ertera'n'f
992 1031 1129 1112 longina,
1154 1040 1202 1110 ut,
1225 1035 1369 1116 quicquid

112 1127 223 1191 occulti
235 1124 370 1187 humoris
387 1143 515 1204 usquam
532 1130 674 1200 manaret,
694 1125 877 1204 exciperent,
897 1147 954 1189 nec
976 1129 1037 1191 ulla
1057 1129 1134 1191 adeo
1155 1130 1222 1193 avia
1239 1139 1272 1193 et
1290 1132 1369 1193 sicca

110 1227 219 1286 lacuna
238 1228 317 1297 erat,
345 1228 378 1281 ut
397 1221 605 1300 vestigantium
633 1220 712 1281 sitim
739 1221 866 1286 falleret.
907 1219 964 1286 ¹⁵E
992 1227 1138 1307 proximis
1165 1247 1241 1291 vero
1272 1229 1368 1290 itineri

110 1321 185 1384 eicis
206 1318 336 1381 ululatus
358 1337 462 1380 senum
483 1317 718 1398 feminarumque
736 1320 985 1401 exaudiebantur,
1008 1324 1139 1386 barbaro
1157 1324 1218 1387 ritu
1235 1327 1368 1387 Dareum

110 1419 208 1481 adhuc
230 1436 331 1496 regem
352 1415 549 1477 clamantium.

193 1515 286 1577 LXll.
325 1508 542 1588 ¹⁶Alexander,
564 1518 599 1572 nt
619 1514 844 1592 supradictum
865 1523 924 1594 est,
946 1519 1071 1581 inhibito
1103 1539 1231 1581 suorum
1255 1521 1367 1602 impetu

110 1616 150 1675 ad
170 1616 285 1692 Lycum
305 1630 419 1671 amnem
446 1616 636 1689 pervenerat,
662 1611 715 1672 nbi
740 1611 846 1692 ingens
875 1616 1034 1678 multitudo
1060 1617 1237 1696 fugientium
1263 1638 1367 1681 onera

109 1718 194 1771 verat
213 1720 353 1788 pontem,
376 1712 406 1767 et
424 1706 576 1787 plerique,
599 1727 691 1788 quum
710 1710 804 1771 hostis
825 1719 960 1791 urgeret,
978 1712 1010 1773 in
1028 1713 1138 1774 flumen
1158 1733 1192 1775 se
1219 1717 1368 1797 praecipi-

109 1812 253 1881 taverant,
273 1823 439 1885 gravesque
451 1802 542 1864 armis
561 1809 591 1864 et
608 1805 727 1883 proelio
744 1827 783 1868 ac
802 1809 874 1886 tuga
894 1809 1047 1889 defatigati
1066 1809 1234 1890 gurgitibus
1253 1813 1366 1874 lianrie

109 1906 225 1966 bantur.
258 1899 408 1982 ¹⁷lamque
421 1920 482 1961 non
495 1919 574 1980 pons
586 1903 677 1962 modo
689 1903 846 1983 fugientes
867 1907 922 1967 sed
933 1926 971 1967 ne
988 1907 1083 1968 amnis
1096 1907 1217 1988 quidem
1230 1910 1366 1988 capiebat

109 2002 227 2084 agmina
248 2021 303 2063 sua
323 1998 490 2078 improvide
508 1998 635 2060 subinde
658 2001 859 2063 cumulantes:
890 2004 1001 2084 quippe
1022 2004 1074 2065 ubi
1101 2004 1223 2066 intravit
1252 2007 1365 2069 animos

109 2121 213 2183 pavor,
235 2100 267 2161 id
278 2098 376 2161 solum
398 2102 540 2173 metuunt,
559 2097 642 2178 quod
662 2098 792 2176 primum
810 2099 972 2162 formidare
995 2106 1170 2181 coeperunt.
1184 2096 1365 2166 ,1311161111-

110 2200 173 2275 der,
193 2196 369 2257 instantibus
392 2195 464 2271 suis,
488 2194 609 2274 impune
630 2195 788 2256 abeuntem
810 2197 926 2258 bostem
946 2199 1134 2277 permitteret
1156 2201 1259 2282 sequi,
1279 2204 1364 2265 habe

109 2298 150 2358 tia
173 2312 239 2356 esse
259 2293 320 2355 tela
349 2306 380 2354 et
407 2312 513 2355 manns
536 2291 690 2370 fatigatas,
713 2299 856 2375 tantoque
881 2313 974 2357 cursu
999 2315 1131 2374 corpora
1162 2298 1310 2361 exhausta
1338 2307 1364 2361 et

108 2410 254 2474 praeceps
267 2391 298 2452 in
315 2398 436 2452 noctem
458 2389 517 2451 diei
536 2394 655 2468 tempus
677 2397 817 2452 causatus
838 2398 892 2453 est.
924 2387 1074 2454 ¹⁹Revera
1093 2393 1130 2453 de
1150 2394 1239 2456 laevo
1261 2416 1362 2472 cornu,

109 2491 192 2573 qnod
210 2490 307 2551 adhuc
326 2488 357 2548 in
382 2487 447 2547 acie
468 2492 547 2548 stare
569 2485 718 2563 credebat,
740 2487 894 2564 sollicitus,
915 2489 1025 2550 reverti
1042 2490 1082 2550 ad
1103 2490 1257 2552 terendam
1279 2512 1363 2572 opem

109 2587 172 2648 suis
194 2587 303 2648 statuit.
345 2585 465 2664 lamque
492 2585 577 2663 signa
605 2589 812 2661 converterat,
844 2605 935 2666 quum
966 2585 1099 2666 equites,
1127 2588 1363 2652 aParmenione

108 2682 207 2760 missi,
229 2682 311 2743 illius
334 2699 454 2763 quoque
478 2680 572 2760 partis
603 2679 761 2742 victoriam
786 2683 929 2744 nuntiant.
971 2679 1071 2744 2⁰Sed
1099 2682 1217 2745 nullum
1252 2706 1291 2749 eo
1320 2688 1363 2748 die

108 2782 203 2847 maius
224 2779 390 2860 pericnlum
411 2777 491 2854 adiit,
514 2798 602 2859 qnam
626 2778 697 2838 dum
717 2777 822 2856 copias
842 2778 961 2841 reducit
981 2779 1011 2841 in
1032 2786 1139 2845 castra.
1180 2782 1276 2845 Pauci
1300 2805 1364 2846 eum

108 2887 139 2945 et
147 2876 340 2957 incompositi
361 2877 561 2957 sequebantur
580 2883 704 2937 ovantes
724 2875 860 2950 victoria,
882 2875 994 2956 quippe
1014 2897 1119 2939 omnes
1138 2878 1242 2942 hostes
1265 2882 1364 2944 autin

108 2978 209 3055 frigam
228 2974 338 3035 effusos
367 2980 418 3035 ant
441 2974 471 3034 in
492 2973 556 3034 acie
579 2972 725 3034 cecidisse
748 2972 926 3034 credebant:
957 2968 1078 3056 ²¹quum
1099 2984 1224 3056 repente
1250 2996 1290 3039 ex
1318 2978 1365 3040 ad-

110 3214 169 3256 tas.
188 3206 228 3256 F.:
247 3206 353 3270 mactas.
369 3208 396 3255 S.
417 3181 494 3267 Mb,
509 3202 548 3253 10.
570 3230 598 3241 -
619 3204 902 3272 implicabantur.
929 3208 1017 3272 Vergl.
1036 3208 1097 3259 Tac.
1118 3208 1177 3258 nist.
1195 3205 1220 3272 5,
1241 3206 1291 3263 15:
1307 3209 1364 3261 cal-

107 3273 271 3393 thamarem
297 3273 412 3339 iateqris,
437 3271 517 3339 periti
540 3272 620 3322 nandi
642 3289 700 3323 crem
722 3274 820 3340 ianaria
843 3275 872 3326 ia
896 3282 1010 3326 matram
1029 3275 1167 3341 permiciam
1194 3276 1364 3344 implica-

175 3431 199 3496 4,
219 3431 260 3495 61,
279 3431 319 3484 10.
354 3431 547 3482 Perarebat.
567 3434 591 3482 S.
610 3432 671 3482 llor.
689 3434 773 3484 Serm.
794 3433 818 3496 1,
833 3433 857 3498 0,
879 3431 941 3484 114:
963 3433 1009 3484 tibi
1028 3450 1102 3501 qaam
1118 3435 1207 3498 fauces
1226 3436 1301 3486 erit
1315 3437 1364 3487 ai-

110 3501 160 3552 tis.
193 3502 282 3551 Daber
300 3501 369 3552 euch
387 3503 416 3552 C.
434 3499 460 3561 7,
478 3497 566 3563 00,οε
586 3516 711 3566 aqaamm
726 3502 984 3568 penaria-sitim
1002 3501 1166 3553 accendit.
1185 3529 1215 3539 -
1235 3500 1315 3568 4,61,
1327 3503 1365 3557 13.

108 3567 220 3620 Avida.
238 3569 280 3618 F.:
302 3568 346 3617 dia
364 3567 440 3619 acidi.
458 3596 486 3606 -
505 3567 685 3619 resolutis.
710 3571 735 3620 S.
756 3573 782 3621 C.
802 3567 826 3632 8,
843 3568 884 3633 33,
906 3567 953 3623 3οε
978 3569 1100 3620 arcellis
1117 3570 1275 3637 samaritae,
1319 3588 1365 3624 aaa

107 3643 220 3685 amictas
245 3634 357 3686 solvit.
382 3633 408 3696 6,
429 3634 470 3698 31,
487 3634 528 3688 01.
551 3634 577 3698 9,
597 3635 638 3700 00,
657 3636 696 3688 10.
730 3639 816 3702 Vergl.
845 3640 899 3688 lin
923 3636 947 3700 5,
963 3634 1006 3700 45,
1025 3636 1055 3690 3;
1079 3654 1204 3704 aeram
1228 3590 1364 3707 prastias,

107 3703 220 3752 omnibus
240 3702 302 3753 locis
323 3704 411 3754 caedes
436 3714 510 3766 erat;
538 3705 608 3755 nuda
631 3721 782 3770 corpora
807 3714 833 3755 et
857 3703 971 3757 soluta
993 3705 1271 3760 immensissimas.
1291 3736 1321 3747 -
1357 3748 1363 3772 ,

106 3768 149 3835 61,
164 3768 203 3823 14.
238 3771 482 3825 Deaerterant.
503 3775 541 3824 F.:
562 3773 726 3824 diverterant.
749 3801 777 3812 -
798 3781 840 3824 at.
861 3775 904 3825 R:
925 3790 997 3840 qaae.

174 3859 198 3926 4,
215 3861 256 3928 60,
273 3861 311 3914 16.
343 3863 549 3916 Alexander.
585 3868 634 3917 Die
653 3867 747 3915 Worte
765 3871 796 3914 ut
816 3880 897 3932 supra
915 3865 1011 3916 dictum
1028 3873 1066 3916 eat
1084 3867 1192 3917 konnen
1209 3867 1276 3928 siob,
1304 3869 1364 3919 dem

106 3932 336 3997 Zusammenhang
355 3935 430 3997 nach,
450 3949 502 3985 nur
520 3935 568 3984 aul
586 3936 637 3985 den
654 3933 902 3997 Nebeugedanken:
925 3933 1032 3984 inhibito
1052 3950 1155 3984 sermm
1175 3948 1253 3984 cerea
1269 3935 1364 3987 baale-

106 4003 166 4054 hen.
182 4030 214 4038 —
235 4002 362 4068 impera.
379 4004 417 4054 Fe
436 4019 518 4052 carram
537 4005 563 4052 S.
583 3999 608 4065 4,
624 3998 665 4064 60,
686 3998 730 4051 18:
750 4007 820 4050 tanto
841 4018 925 4052 cursa.
948 4029 977 4039 -
999 3999 1023 4066 4,
1042 3999 1083 4063 60,
1103 3999 1142 4052 18.
1170 4000 1363 4054 Ealraarata.

107 4072 132 4120 S.
157 4067 183 4130 8,
201 4068 245 4130 50,
262 4067 310 4120 36:
330 4069 470 4120 cabmmtaa
487 4077 563 4120 erant
580 4071 653 4121 cirea.
684 4067 711 4130 7,
728 4066 770 4127 37,
788 4065 834 4121 14:
858 4069 988 4120 salamas
1009 4070 1086 4121 etiam
1103 4069 1182 4120 animi
1202 4069 1308 4122 viribus.
1333 4098 1363 4109 -

105 4154 265 4204 praeceps
289 4137 323 4186 ia
346 4147 476 4189 noctem
500 4138 569 4188 diei
594 4146 727 4204 tempus.
761 4138 845 4202 Vergl.
872 4141 925 4189 Liv.
947 4137 986 4200 10,
1004 4135 1046 4201 40,
1069 4137 1096 4188 1;
1121 4139 1176 4188 mm
1194 4153 1364 4206 praeceps

105 4205 140 4252 in
157 4221 313 4256 occasum
329 4206 386 4257 sol
405 4214 468 4269 erat,
487 4221 541 4258 aus
553 4208 682 4259 walchem
701 4206 813 4268 Beispiel
831 4207 879 4258 der
897 4208 1034 4273 Ursprung
1057 4207 1106 4257 der
1123 4207 1272 4257 Redensert
1294 4209 1365 4258 noch

105 4273 253 4391 geqtpicger
270 4276 312 4326 ist.
349 4276 423 4325 Auch
439 4276 508 4326 wird
531 4273 728 4343 praecipiti
755 4273 824 4335 die,
849 4281 949 4325 nocte
968 4274 1075 4326 absolut
1093 4275 1250 4338 gebraucbt.
1285 4276 1311 4324 S.
1331 4290 1365 4326 zu

123 4377 129 4402 ‚
183 4379 188 4402 ,
224 4380 228 4390 .

171 4428 196 4493 4,
214 4427 254 4493 60,
275 4429 317 4481 00,
352 4431 502 4483 Oroates.
524 4435 549 4484 S.
567 4435 622 4484 Lir.
641 4431 665 4492 1,
675 4429 716 4495 05,
733 4430 781 4483 13:
801 4432 911 4484 llamaai
929 4442 1066 4484 arantes
1084 4442 1110 4484 et
1123 4432 1287 4501 protelantes
1305 4433 1364 4485 lla-

105 4496 202 4574 ratium
216 4499 353 4566 accipiunt.
391 4500 427 4550 lb.
448 4500 472 4564 1,
489 4497 530 4564 06,
552 4499 594 4550 1οῑ
614 4516 687 4566 (μανι
708 4501 781 4550 modo
806 4501 955 4552 decoratam
976 4508 1182 4570 ovantemque
1208 4501 1364 4552 victoria

105 4564 258 4614 incedentem
286 4566 393 4616 aidista's.
421 4596 452 4605 -
477 4569 513 4618 ia
535 4569 644 4634 fugam
666 4569 808 4632 essaeos.
845 4571 962 4621 Ardere:
984 4571 1014 4620 ia
1034 4571 1105 4636 lupa.
1150 4571 1212 4621 Sese

105 4632 174 4683 oder
192 4632 288 4698 alfard
304 4634 333 4683 ia
348 4635 413 4701 rapa
430 4642 502 4688 ware
519 4636 641 4701 gedaelit,
666 4638 718 4688 wie
736 4636 781 4688 bet
800 4639 854 4690 Cle.
872 4638 966 4693 Parad.
992 4636 1016 4702 3,
1036 4637 1059 4701 1,
1076 4635 1128 4690 ila
1143 4626 1198 4706 'qui
1216 4653 1244 4688 aa
1261 4637 1291 4689 ia
1307 4637 1363 4689 ab·
