2820 4964
167 184 219 248 Vl.
240 184 392 249 XXXlll.
407 186 556 249 10-12.
574 181 724 250 XXXlV.
745 184 894 248 13-24.
915 179 1050 246 XXXV.
1066 182 1214 246 ae-m.
1255 176 1318 244 wi

57 352 89 394 ²⁰
97 357 160 417 Sed
179 357 244 416 mm
268 374 333 416 666
357 353 449 417 calc
465 353 631 434 puniendo
657 360 747 414 sonte
777 355 905 435 lingone
934 348 1087 416 teneritas
1108 351 1251 431 6666611
1278 350 1324 411 nd

55 453 188 532 gladios.
228 453 301 530 Hos,
322 455 352 513 si
367 448 592 527 6161661616,
613 452 753 513 Philotas
771 452 807 511 im
829 470 878 511 me
895 452 989 511 amit.
1030 444 1148 511 ²¹1dst
1175 449 1239 526 ipse
1265 446 1318 507 od

57 552 156 626 misit,
175 569 233 628 quo
247 568 295 610 me
316 549 486 629 conferam,
506 549 641 611 milites?
664 549 718 609 coi
734 554 831 627 capot
850 567 951 608 meam
970 546 1118 608 medem?
1146 544 1319 624 Equitatui,

57 648 191 724 optimae
207 648 357 726 exercitos
370 647 467 726 parit,
479 638 673 724 principibus
690 642 896 706 nobilissimae
913 644 1089 718 iuuentutis,
1111 660 1211 702 mmmm
1224 658 1320 720 prae-

47 743 140 825 feci:
167 747 314 819 salutem,
346 762 442 822 mem,
471 743 633 802 victoriam
655 760 755 801 meam
771 740 856 820 fidei
883 741 948 801 eius
976 741 1147 819 tutelaeque
1175 738 1320 799 commisi

58 837 222 902 ²²Potrem
235 843 272 902 in
283 838 551 918 idemsastigium
570 839 677 916 loquo
695 857 744 898 me
761 838 824 916 ipsi
838 837 993 917 posuistis,
1012 833 1152 902 admoui:
1171 833 1321 910 Mediam,

56 939 221 1017 qmcnsdlc
235 936 408 1015 opulentior
427 934 512 1012 regio
531 941 584 1009 est,
601 941 633 994 et
652 941 699 994 tot
718 935 831 994 ciuium
852 934 1061 1010 rocmrumque
1083 933 1173 992 milio
1193 932 1321 1010 imperio

54 1037 125 1095 eibos
143 1034 315 1111 dicionique
334 1027 454 1091 adieci.
502 1029 592 1090 Unde-
599 1031 796 1115 prmsidimm
813 1031 980 1110 petieram,
1004 1029 1181 1108 periculum
1204 1029 1320 1088 extitit.

55 1127 201 1202 ²³rom
213 1128 357 1210 feliciter
373 1128 410 1186 im
430 1129 496 1188 acre
515 1127 700 1203 edidissem,
722 1129 829 1207 polim
851 1126 944 1187 hostis
958 1125 1095 1205 praeda,
1126 1143 1220 1213 quom
1247 1126 1321 1185 61611

54 1231 204 1292 oi'ctima!
245 1225 338 1288 Nono
358 1231 495 1285 seruatus
513 1244 552 1284 ee
568 1225 730 1304 perioolcb,
753 1243 831 1301 quae
850 1223 916 1283 sola
937 1224 1045 1297 timui,
1061 1225 1097 1283 ic
1116 1222 1192 1283 laec
1212 1221 1322 1296 incedi,

56 1347 136 1408 quae
157 1319 267 1387 timeri
283 1340 348 1381 666
367 1319 464 1383 delmi.
483 1314 641 1382 ”Soletis
665 1319 831 1382 identidem
852 1339 874 1380 a
901 1338 964 1394 me,
987 1320 1116 1396 milites,
1135 1321 1255 1398 petere,
1283 1326 1323 1380 ast
1404 1376 1408 1382 .

55 1424 156 1484 saluti
174 1441 259 1482 meae
280 1437 422 1496 porcam.
465 1419 530 1497 Ipsi
554 1416 633 1477 milri
649 1423 812 1497 proestare
832 1416 973 1494 potestis,
1001 1415 1083 1493 qood
1104 1414 1321 1490 16646111,αέ

46 1520 189 1601 faciam.
231 1516 283 1578 At
300 1522 415 1575 oestrus
433 1534 563 1590 monus,
589 1513 635 1574 ad
659 1519 760 1574 oestro
775 1530 877 1572 erma
907 1510 1073 1591 confagio:
1100 1511 1207 1572 invitis
1231 1509 1321 1589 eoas,

56 1617 161 1677 saluus
182 1634 241 1674 esse
261 1613 350 1673 molo:
369 1609 548 1687 6616611661,
570 1629 635 1671 nom
650 1628 786 1690 possum,
805 1609 870 1669 616
885 1608 1034 1669 vindicor.

141 1711 281 1772 XXXV.
322 1703 435 1769 ²⁵'l’um
455 1707 610 1784 Philotam,
633 1706 766 1786 religatis
784 1711 855 1784 post
875 1711 994 1784 tergum
1015 1704 1160 1782 manibus,
1181 1705 1321 1770 obsoleto

57 1807 189 1870 amiculo
211 1806 342 1868 velatum
364 1805 451 1867 iussit
472 1804 583 1866 induch
626 1803 732 1866 Facile
748 1801 920 1882 apparebat,
943 1807 1043 1864 motos
1062 1822 1130 1866 esse
1152 1810 1212 1866 tam
1233 1805 1322 1867 misc-

57 1904 145 1967 rabili
163 1904 263 1965 habitu
282 1922 345 1965 uon
366 1904 430 1964 siue
453 1902 564 1964 invidia
582 1900 674 1980 paulo
697 1905 765 1961 ante
793 1899 959 1979 conspecti
994 1895 1148 1964 ²⁶Ducem
1172 1903 1321 1984 equitatus

57 2001 155 2082 pridie
177 2002 325 2073 viderant3
347 2000 489 2076 sciebant,
509 1999 590 2079 regis
609 1997 781 2059 interfuisse
801 1997 950 2059 convivio.
993 1998 1129 2078 Repente
1150 2020 1236 2062 reum
1257 2000 1322 2082 qui-

58 2099 135 2175 dem,
159 2096 320 2159 sedetiam
340 2096 519 2171 damnatum,
540 2097 601 2155 imo
622 2093 988 2169 vinctum‚'iutuebantur.
1023 2091 1186 2160 2⁷Subibat
1204 2099 1321 2161 animos

56 2191 265 2256 Parmenionis
288 2209 425 2270 quoque,
450 2190 524 2250 tanti
547 2189 649 2262 ducis,
675 2195 736 2250 tam
765 2189 839 2251 clari
869 2191 957 2267 civis,
985 2193 1121 2271 fortuna,
1148 2193 1200 2274 qui
1228 2195 1321 2256 modo

57 2290 179 2350 duobus
205 2285 289 2359 filiis,
314 2285 501 2344 Hectoreae
523 2285 691 2358 Nicanore,
720 2285 859 2362 orbatus,
886 2306 954 2349 cum
980 2308 1034 2365 co,
1063 2309 1152 2372 quem
1173 2283 1323 2371 reliquum

57 2383 212 2447 calamitas
226 2382 347 2454 iecerat,
368 2379 475 2439 absens
488 2381 602 2441 diceret
620 2399 751 2444 causam.
784 2376 922 2462 2⁸1aque
941 2383 1096 2464 Amyntas,
1117 2385 1323 2469 regius4prae·

58 2489 121 2556 tor,
150 2477 322 2538 inclinatam
345 2476 384 2537 ad
403 2475 639 2536 misericordiam
660 2477 839 2538 concionem
861 2497 968 2542 rursus
991 2500 1098 2560 aspera
1125 2481 1156 2542 in
1175 2482 1324 2544 Philotam

58 2577 196 2639 oratione
216 2574 392 2636 commovit:
422 2572 561 2652 proditos
581 2591 636 2633 eos
656 2590 725 2633 esse
747 2572 897 2635 barbaries
923 2577 1071 2638 neminem
1099 2578 1138 2641 ad
1165 2578 1324 2660 coniugem

59 2694 145 2736 suam
166 2673 197 2733 in
218 2672 346 2751 patriam
365 2678 396 2732 et
415 2670 453 2730 ad
474 2674 615 2749 parentes
629 2669 723 2730 luisse
744 2669 1028 2734 rediturumz'velut
1048 2679 1189 2737 truncum
1210 2696 1323 2757 corpus

61 2772 186 2848 dempto
209 2769 321 2848 capite,
342 2767 407 2828 sine
428 2765 552 2846 spiritu,
575 2764 639 2826 sine
659 2765 794 2843 nomine,
815 2767 912 2829 aliena
930 2777 1025 2845 terra,
1046 2769 1207 2832 ludibrium
1228 2773 1323 2835 hostis

59 2870 186 2928 futuros
224 2860 496 2944 ²⁹1>1audquaquam
509 2882 567 2941 pro
586 2882 641 2942 spe
663 2862 758 2941 ipsius
778 2863 927 2944 Amyntae
948 2865 1046 2928 oratio
1069 2873 1153 2947 grata
1173 2868 1238 2949 regi
1258 2869 1323 2946 fuit,

58 2965 142 3045 quod
161 2961 340 3040 coniugum,
367 2960 451 3041 quod
468 2959 582 3039 patriae
603 2959 772 3022 admonitos
789 2961 939 3041 pigriores
958 2963 997 3024 ad
1018 2971 1118 3026 cetera
1136 2964 1237 3028 munia
1255 2984 1323 3028 exe

59 3060 177 3142 quenda
198 3059 327 3120 lecisset.
666 3062 670 3072 ’

128 3309 152 3370 6,
167 3309 212 3371 35,
228 3308 270 3362 96.
306 3310 404 3360 Reum
430 3312 568 3379 quidem.
600 3314 640 3362 F.:
666 3328 718 3361 666
739 3329 810 3363 reum
826 3314 906 3366 niodo.
943 3317 1169 3371 Wahrsobeinlich
1194 3332 1269 3370 muss
1292 3333 1322 3371 es

58 3381 178 3429 heissen:
198 3395 249 3427 non
264 3395 335 3428 raom
354 3379 462 3444 quidun,
489 3380 534 3429 sed
553 3381 629 3429 etiam
648 3379 805 3442 demnatum,
829 3383 880 3432 imo
898 3382 1026 3435 vinctum:
1051 3391 1157 3451 gestern
1176 3387 1245 3436 noch
1262 3400 1322 3438 sass

59 3463 89 3497 er
108 3462 142 3497 an
162 3449 209 3498 des
231 3449 325 3510 honigs
345 3448 426 3508 Talei,
445 3450 525 3499 herste
546 3449 680 3499 erblicken
699 3451 738 3500 sie
756 3451 801 3500 ihn
813 3478 841 3487 —
854 3452 897 3502 ich
917 3453 968 3502 will
987 3455 1061 3504 nicht
1086 3469 1168 3519 sagon
1189 3454 1229 3505 als
1250 3455 1321 3506 Vor-

59 3516 164 3577 klagten
183 3516 263 3573 (darm
281 3516 329 3565 das
351 3524 424 3566 ware
441 3517 514 3566 nicht
540 3518 565 3565 in
585 3517 646 3566 dem
664 3518 752 3568 Grada
770 3518 930 3582 aulfallend),
955 3522 1073 3572 sondern
1092 3537 1173 3588 sogar
1192 3524 1229 3575 als
1249 3524 1322 3573 Ver*

60 3585 212 3644 urtheiltcn,
234 3584 262 3645 ja
284 3584 309 3632 in
328 3584 532 3647 schimplhichen
551 3585 665 3636 Fesseln.

127 3672 150 3735 6,
166 3672 207 3736 35,
229 3673 271 3726 07.
309 3673 456 3725 Subibat
480 3675 622 3727 animos.
655 3678 680 3726 S.
704 3674 1036 3737 inmansuetius
1061 3680 1130 3732 inter
1149 3681 1212 3732 haec
1239 3681 1322 3732 assi-

57 3757 145 3792 mom.
170 3741 312 3804 5,14,11.
337 3741 360 3804 3,
379 3741 406 3801 5,
425 3740 464 3792 19.
486 3770 518 3781 -
540 3742 686 3792 Hectore
706 3744 947 3809 coNicanore.
985 3748 1167 3813 UeberJ'enen
1187 3765 1210 3802 s.
1229 3746 1256 3810 4,
1276 3746 1320 3810 34,

58 3809 75 3859 7
97 3809 206 3872 1.,11661
226 3812 317 3860 diesen
333 3807 357 3871 6,
373 3807 415 3870 m,
435 3807 473 3860 18.
494 3807 532 3859 19.
556 3837 584 3846 -
604 3808 628 3872 6,
647 3808 688 3872 35,
706 3809 747 3862 98.
780 3812 823 3861 lte
848 3813 900 3863 ias
915 3823 1075 3880 praetor.
1092 3819 1137 3869 R:
1154 3817 1222 3884 repis
1237 3832 1321 3884 prce-

62 3885 110 3927 tor.
138 3906 170 3912 -
197 3875 412 3929 inclinatam.
448 3877 532 3941 Verssl.
552 3879 607 3927 Liv.
627 3875 651 3939 3,
669 3877 695 3939 2,
716 3876 760 3929 1οε
783 3829 989 3952 inclinatioribus
1007 3883 1042 3933 ad
1055 3901 1146 3951 pacm
1171 3885 1319 3937 66166.-

58 3946 92 3994 in
112 3946 275 4009 patriam.
294 3946 333 3994 F.:
352 3944 474 3994 munimem
493 3946 521 3994 in
534 3946 658 4012 patrium.
696 3949 777 3998 Sonst
795 3948 883 4000 661661
898 3951 926 4000 (h
946 3952 1008 4002 sehr
1024 3952 1112 4018 haufig
1135 3954 1189 4004 den
1207 3953 1322 4016 Vortrag

59 4014 189 4072 dudurch,
207 4015 269 4063 dass
286 4027 323 4072 er,
342 4016 443 4063 unstatt
458 4015 517 4064 eine
535 4014 693 4076 copulative
704 4016 819 4067 Partikel
838 4021 1030 4082 anzuwenden,
1048 4020 1091 4071 dic
1112 4019 1322 4084 Wiederholung

59 4083 134 4132 eines
155 4081 279 4130 lrhhercn
298 4081 413 4141 Wortes,
440 4096 471 4130 zu
492 4082 553 4132 dem
574 4082 618 4132 dio
642 4096 675 4132 zu
695 4083 897 4137 verbindenden
917 4087 1025 4138 Wdrter
1046 4088 1073 4137 in
1093 4088 1210 4153 gleicher
1227 4087 1321 4138 Bozia-

59 4150 132 4210 hung
149 4149 250 4208 slehen,
277 4148 408 4200 cintreten
427 4149 498 4200 lassi.
537 4150 572 4198 So
593 4149 660 4199 wird
679 4151 837 4203 wiederholt
854 4153 935 4214 iam,
959 4168 980 4207 z.
1002 4155 1028 4206 B.
1047 4153 1074 4216 5,
1093 4155 1115 4220 1,
1137 4153 1168 4217 7;
1198 4163 1279 4206 1666
1296 4151 1321 4220 6,

58 4214 150 4277 9,15,
177 4215 225 4264 lris
245 4213 269 4277 5,
287 4211 373 4276 948,
392 4214 485 4272 nibil
507 4213 576 4278 9,·7,
594 4213 622 4277 9,
650 4215 772 4268 nattes
798 4217 822 4282 5,
842 4217 886 4281 94,
905 4219 949 4282 10,
975 4239 1068 4273 nemo
1093 4222 1118 4287 9,
1136 4221 1178 4284 11,
1196 4221 1246 4285 31,
1271 4229 1322 4273 tot

58 4283 86 4343 3,
107 4281 150 4343 34,
171 4282 216 4342 10,
234 4285 286 4333 sic
302 4280 328 4342 4,
346 4281 434 4345 568,
450 4281 522 4346 614,
539 4282 581 4345 55,
597 4281 644 4346 03,
663 4283 727 4335 ille
743 4284 768 4350 3,
789 4285 816 4348 7,
838 4286 885 4350 13,
907 4287 961 4338 abi
979 4288 1003 4354 3,
1026 4289 1067 4352 17,
1085 4288 1117 4350 9,
1134 4291 1190 4357 qui
1208 4288 1232 4354 4,
1249 4289 1273 4354 7,
1290 4287 1321 4353 6,

59 4352 147 4418 qood
166 4348 190 4413 4,
203 4350 282 4411 522.
314 4351 399 4402 Ueber
424 4367 490 4401 666
508 4367 528 4403 s.
548 4367 580 4401 zu
602 4349 626 4414 3,
639 4350 716 4415 ano.
738 4383 770 4390 -
791 4354 1017 4420 adparentes.
1040 4359 1267 4413 Wahrscheiulich
1287 4360 1323 4410 ist

60 4436 93 4470 zu
111 4420 265 4470 schreiben:
279 4419 308 4467 in
325 4419 440 4485 patriam
458 4427 482 4468 es
499 4419 534 4469 nd
551 4429 710 4485 penates,
730 4423 832 4474 welche
848 4426 960 4488 Bcgrilto
979 4441 1066 4492 genau
1083 4425 1238 4479 zusammen
1254 4441 1321 4492 pas-

60 4503 108 4539 sen
127 4488 182 4537 und
203 4488 331 4538 einander
350 4495 489 4551 erganzen.
526 4489 612 4552 Vergl.
632 4485 657 4551 9,
677 4486 772 4550 9491
800 4506 828 4540 eo
844 4494 1011 4558 pervenimus,
1037 4495 1104 4545 assde
1120 4495 1172 4545 ssisi
1188 4502 1213 4545 te
1230 4495 1323 4545 reduce

59 4554 128 4604 nulli
151 4555 194 4604 ed
216 4560 359 4619 penates
382 4571 459 4606 snos
477 4555 551 4605 iter
570 4562 630 4608 est.
656 4555 683 4618 5,
704 4555 744 4621 19,
762 4556 810 4609 9οε
837 4559 878 4609 ad
894 4569 1040 4626 penates
1060 4570 1090 4615 et
1106 4563 1141 4616 iss
1160 4563 1321 4630 patriam.

59 4622 85 4687 4,
104 4621 149 4684 59,
167 4621 200 4673 7.·
219 4623 253 4673 iss
268 4622 422 4688 patriam
438 4630 468 4675 et
485 4630 632 4690 penates.
815 4628 831 4642 ¹·
