2820 4964
427 237 466 301 V.
488 238 575 303 xlx.
598 240 635 303 17
647 239 743 303 -21,
765 236 839 302 ΧΧ.
861 237 963 299 1-8,
1263 228 1324 295 153

66 409 231 490 respondit.
283 403 416 489 24litque
445 407 496 469 ille
517 422 578 469 non
599 407 736 469 fortunae
759 405 857 468 solum
876 422 990 478 eorum,
1021 400 1075 462 sed
1101 399 1189 463 etiam
1218 398 1324 478 poeni-

67 507 176 569 tentiae
199 506 346 582 misertus,
368 511 453 566 terna
468 504 550 565 milia
570 503 726 565 denarium
743 500 869 581 singulis
890 499 954 561 dari
977 495 1077 559 iussit:
1110 496 1204 557 denae
1224 500 1324 557 vestes

67 603 202 664 adiectae
221 612 303 676 suut;
332 608 362 663 et
382 607 515 662 armenta
533 620 602 660 cnm
621 598 786 679 pecoribus
805 616 842 657 ac
862 596 1012 657 frumento
1034 592 1113 671 data,
1143 598 1177 654 ut
1192 591 1257 691 ‘coli
1277 611 1325 653 se-

68 699 153 781 rique
174 699 332 761 attributus
353 698 390 759 iis
411 718 484 778 ager
504 702 617 776 posset.

151 796 227 856 XX.
247 789 305 841 *¹2¹
318 797 445 857 Postero
468 795 516 855 die
535 799 718 855 convocatos
738 791 831 853 duces
851 787 1007 868 copiarum
1030 787 1129 865 docet,
1147 785 1261 849 nullam
1281 786 1325 848 in-

68 889 221 952 festiorem
243 891 351 952 urbem
379 890 504 953 Graecis
528 908 604 965 esse,
633 909 721 971 quam
747 888 860 967 regiam
889 890 1024 946 veterum
1052 883 1184 945 Persidis
1211 904 1324 964 regum.

66 984 145 1046 Hinc
167 986 219 1047 illa
243 986 387 1049 immensa
406 986 524 1065 agmina
545 985 659 1047 infusa:
678 985 747 1047 bine
768 987 901 1045 Dareum
922 980 1020 1061 prius.
1037 979 1106 1040 dein
1116 981 1253 1042 Xerxem
1264 981 1325 1055 Eu-

66 1100 163 1161 ropae
182 1082 306 1160 impium
328 1082 463 1144 intulisse
485 1081 605 1143 bellum.
646 1081 773 1143 Excidio
800 1080 881 1142 illius
902 1077 1119 1159 parentandum
1146 1095 1212 1139 esse
1233 1070 1327 1138 maioss

65 1177 161 1238 ribus.
206 1173 346 1259 ²lamque
368 1177 497 1252 barbari,
525 1177 644 1239 deserto
667 1176 791 1258 oppido,
824 1194 890 1258 qua·
907 1194 1056 1257 quemque
1084 1179 1183 1234 metus
1209 1174 1326 1252 agebat,

65 1272 264 1352 diffugerant;
291 1295 382 1356 quum
406 1294 461 1349 rex
484 1273 662 1354 phalangem
690 1273 762 1335 nibil
790 1277 946 1335 cunctatus
975 1268 1098 1331 inducit.
1136 1268 1248 1332 Multas
1277 1289 1327 1330 ur-

65 1368 124 1430 bes
151 1372 277 1432 refertas
298 1371 451 1451 opulentia
471 1370 554 1450 regia
582 1369 690 1449 partim
712 1371 950 1448 expugnaverat,
978 1365 1086 1444 partim
1113 1365 1144 1426 iu
1165 1365 1255 1427 iidem
1277 1386 1329 1428 aaa

66 1473 200 1544 ceperat,
219 1466 273 1528 sed
287 1467 372 1530 urbis
382 1467 471 1529 huius
482 1465 600 1526 divitiae
611 1464 713 1527 vicere
725 1462 894 1545 praeterita
938 1455 993 1521 ³ln
1004 1460 1184 1522 hanetotius
1195 1462 1328 1523 Persidis

68 1581 145 1640 opes
165 1571 381 1642 congesserant
400 1562 532 1624 barbari:
562 1550 670 1622 aurumi
688 1564 904 1640 argentumque
928 1555 1110 1618 cumulatum
1132 1562 1210 1634 erat,
1235 1557 1329 1619 vestis

67 1658 174 1736 ingens
192 1661 309 1736 modus,
330 1658 469 1739 supellex
487 1677 549 1720 nou
569 1657 609 1718 ad
626 1646 724 1734 usam,
744 1655 800 1717 sed
818 1655 856 1715 ad
876 1652 1105 1715 ostentationem
1129 1653 1219 1715 luxus
1248 1674 1329 1716 com-

66 1762 180 1833 parata.
221 1750 346 1838 ⁴ltaque
367 1756 446 1816 inter
466 1755 551 1835 ipsos
573 1738 809 1839 victqpilpterro
831 1749 1043 1811 dimicabatur:
1063 1770 1121 1829 pro
1143 1751 1230 1812 hoste
1256 1756 1329 1828 erat,

68 1850 123 1930 qui
144 1851 352 1930 pretiosiorem
373 1855 576 1931 occupaverat
594 1844 754 1941 praedam:
783 1854 814 1909 et
836 1866 929 1928 quum
947 1847 1062 1923 omnia,
1092 1867 1170 1929 quae
1201 1847 1329 1928 recipie,

67 1947 150 2020 bant,
171 1967 279 2026 capere
299 1968 362 2010 non
373 1954 508 2028 possent,
528 1934 660 2008 iam'i'a's¹
672 1963 736 2006 nou
755 1943 992 2023 occupabantur,
1014 1943 1068 2004 sed
1089 1944 1328 2008 aestimabantur.

68 2039 397 2125 5Lacerabantregias
423 2050 536 2121 vestes,
553 2042 607 2104 'ad
636 2061 669 2103 se
696 2039 824 2123 quisque.
853 2046 970 2119 partem
996 2041 1164 2104 malentes:
1195 2042 1328 2105 dolabris

69 2131 220 2218 pretiosae
242 2141 314 2201 artis
336 2161 409 2202 vasa
430 2140 607 2201 caedebant:
635 2135 710 2198 nihil
734 2154 833 2225 neque
853 2135 997 2197 intactum
1018 2144 1099 2214 erat,
1126 2157 1225 2220 neque
1254 2140 1329 2201 inte-

69 2254 157 2314 grum
182 2234 348 2306 ferebatur3
375 2234 502 2312 abrupta
527 2232 758 2294 simulacrorum
784 2233 932 2308 membra,
963 2239 997 2293 ut
1023 2233 1149 2315 quisque
1178 2236 1329 2314 avelleret,

69 2328 214 2389 trahebat
270 2321 400 2406 ⁶Neque
421 2326 543 2387 avaritia
561 2326 675 2402 solum,
702 2327 757 2389 sed
782 2327 871 2389 etiam
897 2327 1059 2391 crudelitas
1083 2330 1115 2393 iu
1142 2338 1230 2412 capta
1252 2334 1329 2395 urbe

68 2430 206 2504 grassata
229 2427 289 2482 est:
318 2441 392 2482 auro
416 2427 600 2501 argentoque
618 2422 720 2482 onusti
741 2422 812 2483 vilia
832 2423 1019 2503 captivorum
1041 2445 1172 2505 corpora
1198 2430 1330 2490 trucida·

69 2522 158 2595 bant,
190 2517 360 2598 passimque
382 2516 464 2577 obvii
485 2517 701 2593 caedebantur,
730 2537 808 2598 quos
827 2525 896 2580 ante
922 2520 1051 2600 pretium
1071 2522 1119 2588 aui
1145 2522 1331 2586 miserabiles
1351 2594 1354 2598 ,

71 2620 193 2679 iecerat.
255 2610 363 2675 ⁷llllulti
389 2633 463 2692 ergo
490 2613 621 2674 hostium
648 2632 754 2674 manus
780 2614 949 2677 voluntaria
974 2623 1072 2680 morte
1097 2627 1389 2704 occupaverunt-wi

72 2712 289 2792 pretiosissima
308 2710 436 2772 vestium
455 2709 551 2770 induti
573 2729 590 2770 e
613 2709 706 2770 muris
733 2710 912 2790 semetipsos
933 2733 1001 2774 cum
1029 2715 1208 2794 coniugibus
1229 2738 1266 2779 ac
1294 2719 1331 2779 li-

72 2808 153 2869 beris
174 2807 205 2867 iu
225 2827 373 2886 praeceps
394 2805 545 2867 iacientes.
589 2805 719 2886 Quidam
746 2807 846 2887 igneS,
868 2809 950 2888 quod
975 2809 1069 2887 paulo
1096 2817 1168 2891 post
1195 2813 1331 2877 iactums

72 2903 168 2965 hostis
192 2903 364 2977 videbatur,
402 2901 590 2963 subiecerant
617 2901 755 2978 aedibus,
786 2910 820 2964 nt
847 2923 917 2964 cum
941 2905 1004 2965 suis
1030 2905 1090 2967 vivi
1118 2915 1330 2973 cremarentur.

72 2993 225 3061 8'landem
239 2998 301 3060 suis
312 3016 367 3058 rex
382 2997 561 3076 corporibus
575 3002 605 3058 ot
623 2997 707 3059 cultu
728 2998 903 3061 feminarum
923 2992 1072 3062 abstinere
1094 3001 1188 3069 iussit.
1221 3006 1330 3084 lugens

139 3228 165 3291 5,
185 3227 225 3293 20,
248 3229 271 3279 1.
311 3228 435 3294 insana.
470 3229 547 3280 Nicbt
573 3229 689 3282 absolut.
722 3231 807 3296 Vergl.
828 3232 881 3283 Cic.
910 3232 1077 3296 adlamii,
1100 3233 1145 3288 15:
1176 3244 1230 3288 tana
1254 3253 1331 3355 qaa-

70 3299 100 3347 in
117 3297 204 3347 urbem
221 3305 337 3347 nostram
357 3304 394 3347 ert
409 3297 529 3361 infusa
546 3300 793 3364 peregrinitas.
811 3327 844 3336 -
861 3301 1121 3367 parentandum.
1159 3306 1243 3370 Vargl.
1279 3304 1322 3368 ,9

70 3363 275 3428 11161110.
314 3365 439 3416 Aehniioh
457 3367 548 3416 lustin.
571 3362 720 3427 12,15,6ε
745 3383 829 3434 paene
846 3366 927 3418 oenus
949 3368 1045 3430 ridere,
1072 3372 1175 3436 quantia
1201 3372 1331 3435 caedibus,

71 3449 122 3499 qao
141 3449 233 3482 oraora
248 3440 347 3481 mortuo
369 3432 417 3481 ribi
432 3439 606 3498 parentatum
629 3435 674 3496 (sit
694 3435 867 3498 Macedonia).
905 3437 960 3488 mv.
980 3434 1023 3498 21,
1044 3435 1085 3501 21,
1103 3437 1133 3488 2;
1162 3436 1332 3504 vociferabant

69 3501 203 3565 serocn'ter,
223 3499 410 3567 parentandum
425 3500 481 3565 rapi
497 3501 620 3566 sanquine
637 3501 827 3552 coniuratorum
842 3518 901 3552 esse.

142 3589 165 3654 5,
182 3589 226 3651 20,
246 3588 272 3644 2.
310 3589 457 3640 lnclacit.
476 3594 502 3644 S.
519 3589 560 3652 10,
577 3589 619 3656 29,
639 3589 684 3642 16;
700 3592 896 3659 minabaturque
911 3608 995 3642 omnes
1014 3601 1112 3645 tannae
1135 3613 1192 3648 cana
1208 3597 1332 3667 elephan-

71 3659 105 3708 tis
124 3658 343 3708 indoctarum
361 3658 440 3720 sein
456 3668 609 3711 recusantes.
637 3657 985 3724 niv.34,15,6:ea(aa
1021 3667 1117 3728 ortam)
1134 3666 1263 3734 principer
1280 3667 1331 3718 ba-

69 3733 204 3792 statosqae
220 3726 361 3776 inducit.
384 3753 412 3762 -
434 3725 458 3786 5,
477 3725 519 3787 20,
537 3725 560 3777 3.
584 3726 694 3777 Vestis
718 3727 846 3788 modas,
872 3729 924 3778 wie
941 3726 965 3790 5,
983 3677 1025 3789 26,
1043 3727 1072 3781 8:
1092 3732 1208 3798 inpane
1223 3751 1331 3802 peca-

69 3794 153 3844 niae
170 3793 280 3842 madar
301 3793 422 3842 traditur.
451 3790 475 3854 6,
494 3792 533 3858 13,
551 3792 599 3844 21τ
624 3811 791 3862 pomorum
809 3795 928 3860 inpane
947 3796 1061 3847 modas
1084 3801 1209 3851 nacitur.
1246 3803 1331 3868 Vergl.

70 3865 168 3912 Sanco.
187 3863 263 3924 epist.
286 3858 327 3922 16,
346 3875 371 3924 p.
389 3857 438 3910 49:
454 3859 527 3911 altra
545 3861 719 3930 privatam
733 3863 904 3929 pecuniae
927 3863 1051 3914 modam
1067 3866 1175 3930 [ortana
1195 3876 1219 3918 te
1234 3887 1332 3937 mooe-

70 3929 127 3979 leat.
147 3956 179 3965 -
197 3944 258 3977 non
273 3928 315 3978 ad
332 3944 431 3977 aram.
448 3929 488 3980 F.:
505 3945 557 3978 non
574 3928 610 3978 ad
624 3944 696 3978 asam
712 3929 793 3981 modo.

142 4017 167 4082 5,
185 4016 228 4080 20,
249 4016 273 4070 4.
308 4017 543 4085 Recipiebant.
572 4021 611 4070 R:
640 4019 839 4087 reperiebantur.
868 4049 898 4060 -
928 4019 1056 4086 5,20,6.
1080 4023 1250 4075 Graecula
1274 4032 1332 4075 ert.

71 4091 100 4138 S.
122 4089 182 4137 Tac.
195 4089 223 4137 A.
244 4084 268 4149 1,
281 4084 329 4137 66;
351 4094 529 4137 accusatorum
546 4087 629 4136 maior
645 4088 726 4138 indies
744 4095 769 4138 et
783 4089 901 4154 infestior
914 4091 966 4140 cir
989 4091 1044 4141 sine
1068 4089 1207 4141 levamento
1227 4108 1333 4158 pras-

70 4153 226 4204 sabatar.
267 4158 347 4205 Sonst
369 4156 534 4218 gewbbnlich
558 4169 610 4206 von
634 4157 777 4209 Personen.
804 4185 837 4194 —-
862 4159 998 4225 passim.
1033 4158 1160 4222 Uebcrall,
1187 4161 1250 4210 weit
1277 4162 1334 4212 und

71 4224 152 4273 breit.
180 4224 205 4272 S'.
222 4220 247 4284 7,
265 4220 306 4285 23,
326 4219 433 4272 33:51a
457 4222 563 4272 inermes
578 4224 709 4290 patrina
728 4223 898 4276 tmcidantnr.
916 4222 940 4288 1,
961 4224 1005 4288 31,
1023 4223 1064 4276 16.

143 4310 167 4373 5,
184 4310 225 4375 20,
242 4311 266 4362 7.
299 4311 563 4378 Occupaoerant.
590 4314 675 4379 Vergl.
694 4312 720 4377 8,
733 4313 774 4379 33,
785 4313 836 4368 321
855 4316 926 4383 apud
942 4317 987 4367 bos
1004 4313 1179 4384 occupa're
1195 4317 1248 4383 fati
1264 4317 1331 4368 dion

72 4377 219 4447 pulchram.
239 4377 262 4442 lt,
285 4377 324 4442 19,
344 4377 393 4429 12:
413 4380 461 4429 alii
479 4389 648 4448 occupant
675 4380 781 4433 liberam
808 4384 899 4434 martia
925 4385 1067 4435 arbitrium.
1099 4412 1128 4422 -
1156 4385 1333 4436 iacientes.

74 4450 114 4498 F.:
137 4447 272 4498 iactantes.
292 4475 320 4483 -
338 4446 361 4509 5,
380 4445 421 4509 20,
441 4445 467 4497 8.
494 4449 569 4497 Sata
589 4451 653 4501 tasst
671 4451 729 4501 sich
756 4453 805 4502 mit
831 4452 979 4519 carpentas
1001 4454 1094 4505 wodor
1118 4455 1145 4504 in
1169 4455 1231 4506 dem
1254 4455 1335 4505 Sinna

74 4530 129 4564 von
150 4514 299 4581 corporibus
318 4516 358 4565 sai
377 4515 451 4575 iaris,
473 4515 567 4580 literis,
588 4517 743 4581 vorbinden,
764 4519 833 4570 noch
849 4520 875 4569 in
897 4521 959 4572 dem
976 4522 1067 4572 Sinna:
1094 4535 1160 4586 qaae
1177 4536 1225 4570 raa
1245 4528 1334 4584 arent,

75 4582 140 4649 qaia
159 4582 209 4632 sibi
227 4581 277 4632 illa
301 4583 452 4646 vindicaret,
476 4600 551 4650 qaam
574 4583 626 4652 ipsi
640 4586 794 4652 praesntirn
811 4603 867 4637 eam
881 4587 1006 4655 praedam
1024 4596 1232 4655 aspernarentur,
1255 4589 1335 4650 (deun

74 4651 158 4703 boide
176 4652 362 4717 Aualegungan
376 4653 438 4704 aiud
452 4651 521 4705 eben
540 4665 572 4705 so
589 4666 760 4719 gozwimgcm
780 4655 820 4707 als
836 4655 879 4709 rur
897 4656 950 4709 deu
968 4656 1199 4723 zusammenhang
1213 4657 1334 4722 ungaho-
