2820 4964
250 226 287 290 v.
308 226 409 291 xxv,
433 229 578 291 iri-u.
599 218 843 315 xxvre'r--o
865 227 997 292 xxvu.
1016 231 1045 294 o.
1070 232 1118 294 10.
1257 230 1314 295 tor

54 394 131 459 tum.
174 395 237 458 Sed
251 397 364 458 medici
381 415 496 476 quoque
512 399 672 476 gracebres
692 396 809 459 morbos
829 400 944 476 aspersi
964 398 1105 459 remediis
1130 405 1260 475 curant,
1284 406 1314 459 et

50 492 250 572 guberuator,
269 490 326 552 ubi
343 493 554 574 naufragium
576 495 669 569 timet,
687 495 822 570 iactura,
841 493 988 573 qra'cquid
1006 497 1126 554 uruari
1138 503 1247 573 potest,
1266 514 1313 554 re-

54 590 152 652 dimit.
199 583 288 668 tngo
306 597 418 666 tamea,
436 609 501 650 uou
519 597 557 650 ut
576 590 725 649 domuum
745 590 865 668 quidem
876 589 999 670 facias,
1016 589 1144 665 suadeo,
1163 591 1217 652 sed
1227 599 1267 652 ut
1284 598 1313 651 ts

53 705 91 745 ac
113 706 245 765 reguum
266 693 355 746 tuum
375 683 496 747 salubri
518 688 640 746 ratioue
660 677 838 748 conserues(
863 688 933 746 Diis
957 685 1092 746 aduersis
1114 685 1225 748 bellum
1252 689 1313 748 iui-

52 799 138 857 mus,
156 789 188 841 et
201 785 351 862 pertinax
362 783 507 864 fortuna
525 784 635 842 Persas
660 803 772 861 urgere
794 802 859 843 aaa
886 781 1004 843 desiuit.
1047 782 1140 843 Nouis
1161 784 1262 860 initiis
1282 792 1313 844 et

53 876 205 939 maiaibus
232 897 307 957 opus
333 886 385 939 cst.
434 878 615 957 Auspicium
632 886 676 938 ct
701 879 864 957 trapa-ium
893 879 1021 939 iuterim
1047 880 1108 939 alii
1127 879 1233 956 trade,
1259 882 1316 958 qui

52 973 175 1034 mmdiu
197 994 254 1033 rec
274 975 455 1053 appelletur,
473 975 567 1034 daura
582 975 659 1035 Asia
676 975 799 1035 decedm
816 975 917 1050 bostis,
938 976 1036 1035 arctor
1055 975 1163 1036 douae
1181 995 1313 1054 reguum

51 1067 111 1130 tibi
130 1069 249 1129 reddat.
292 1065 382 1130 ⁵Hoc
400 1076 504 1131 autem
525 1069 610 1131 breui
624 1071 784 1150 futurum
812 1073 895 1132 ratio
916 1073 1081 1149 promittit.
1124 1073 1243 1132 Bactra
1265 1073 1312 1132 iu·

50 1172 139 1225 tacta
159 1171 250 1223 suut:
281 1165 355 1225 Iudi
374 1173 405 1226 ct
421 1167 521 1228 Sacae
541 1169 576 1226 iu
597 1174 654 1227 tua
666 1173 833 1245 potestate:
860 1174 907 1226 tot
922 1167 1047 1245 papuli,
1076 1174 1122 1227 tot
1152 1154 1319 1245 eucratas,

49 1268 100 1320 tot
121 1261 258 1338 equitum
282 1261 481 1342 peditumque
509 1265 599 1324 malea
625 1263 670 1324 ad
697 1263 908 1323 reuocandum
938 1259 1050 1323 bellum
1078 1265 1157 1347 uires
1179 1271 1314 1343 paratas

47 1356 181 1430 lrabeat,
201 1362 242 1416 ut
260 1359 361 1417 maior
380 1355 452 1419 belli
466 1361 559 1420 moles
578 1359 724 1437 supersit,
745 1376 838 1435 quam
855 1357 1005 1418 exhausta
1022 1360 1071 1420 sit.
1116 1353 1227 1431 ⁶de
1245 1362 1313 1421 rui-

48 1474 121 1514 mus
142 1451 303 1513 beluarum
323 1437 390 1512 rilu
415 1455 451 1514 iu
470 1456 640 1534 perniciem
661 1472 724 1513 uou
744 1454 970 1514 necessariam?
1008 1455 1151 1514 Fortium
1173 1457 1313 1516 uirorum

49 1557 111 1626 est,
130 1551 231 1629 magis
252 1555 380 1609 mortem
402 1558 607 1625 coutemuere,
630 1568 722 1628 qocam
743 1547 839 1608 odisse
857 1548 961 1608 citam
1007 1545 1122 1628 ⁷Sacpe
1147 1549 1247 1610 taedio
1266 1551 1312 1611 la-

49 1645 131 1706 boris
148 1646 193 1706 ad
211 1645 363 1705 uilitatem
382 1647 434 1706 sui
452 1647 680 1725 compellaretur
700 1644 824 1722 ignaui:
844 1650 881 1704 at
899 1642 982 1704 nibil
999 1644 1099 1704 uirtus
1118 1646 1313 1724 inexpertum

49 1743 174 1804 omittit
215 1743 323 1819 Itaque
342 1743 489 1802 ultimum
509 1744 646 1803 amulum
677 1761 759 1802 mors
786 1747 845 1816 est,
871 1738 915 1800 ad
941 1759 1034 1818 quam
1064 1759 1128 1800 acra
1149 1743 1241 1821 pigre
1267 1743 1313 1802 ire

48 1842 128 1900 satis
145 1846 196 1898 est.
235 1831 394 1898 8Proinde
410 1841 441 1899 si
459 1841 587 1915 Bactra,
611 1839 694 1918 quod
712 1838 899 1897 tutissimum
920 1837 1147 1914 receptaculum
1166 1845 1218 1914 est,
1231 1840 1312 1917 peti-

48 1954 128 2009 mus,
144 1933 339 2013 praefectum
350 1937 485 2013 regiom's
497 1938 563 1996 eim
574 1937 700 1996 Bessum
712 1952 813 2012 regem
836 1935 980 2012 temporis
997 1936 1107 2011 gratia
1128 1941 1310 1999 statuamus.

50 2031 229 2109 Cmapositis
249 2027 346 2103 rebus,
367 2032 447 2090 iusto
463 2034 534 2110 regi
550 2030 609 2092 tibi
616 2031 826 2110 fiduciariam
848 2033 988 2090 restituet
1007 2032 1181 2109 imperium.

135 2127 266 2186 XXVII.
308 2120 415 2186 ⁹Haud
434 2127 543 2187 uiirnm
561 2134 616 2202 est,
634 2129 766 2187 Dareum
786 2144 848 2186 non
866 2132 1050 2205 temperasse
1071 2128 1186 2204 animo,
1210 2149 1312 2209 quam·

48 2243 156 2304 quam,
177 2229 238 2280 tam
258 2220 365 2297 impiae
388 2222 459 2281 voci
481 2228 624 2300 quantum
652 2222 736 2282 nefas
762 2222 915 2298 subesset,
939 2222 1057 2285 latebat.
1101 2224 1204 2304 ltaque
1211 2271 1219 2300 ,
1241 2226 1312 2286 Pes-

44 2322 172 2392 simum,
195 2315 298 2394 inquit,
317 2316 517 2391 mancipium,
536 2317 697 2394 repperisti
713 2323 893 2394 exoptatum
911 2317 969 2380 tibi
985 2327 1110 2400 tempus,
1132 2339 1191 2398 quo
1201 2322 1312 2400 parri-

44 2415 168 2478 cidium
188 2412 340 2490 aperires!
370 2403 579 2490 ¹⁰Strict0que
610 2409 732 2473 acinace
752 2412 965 2478 interfecturus
988 2435 1054 2479 eum
1077 2415 1250 2491 videbatur,
1280 2416 1312 2477 ni

45 2666 159 2737 prima
184 2665 299 2731 specie
328 2663 530 2725 adspirationem,
559 2680 594 2718 re
617 2664 810 2731 explicata,
836 2667 915 2716 suum
938 2675 1072 2718 moverent.
1101 2695 1129 2704 -
1160 2667 1310 2720 iactura
1365 2684 1371 2699 ¹

48 2735 139 2798 Vergt.
160 2736 177 2784 Ι.
199 2737 227 2783 C.
244 2733 288 2783 bei
308 2733 421 2784 Dirksen
439 2747 509 2784 man.
531 2748 555 2795 p.
575 2729 640 2782 425:
665 2732 688 2781 si
714 2733 838 2784 leocadae
857 2735 930 2785 auris
952 2734 1042 2801 qratia
1061 2733 1212 2799 (laborante
1230 2737 1311 2802 aare)

48 2804 167 2853 iaetus
186 2801 307 2851 mucium
323 2801 409 2863 factus
427 2808 470 2851 est.
509 2801 613 2851 Sallust.
635 2802 669 2851 ad
686 2802 712 2852 C.
732 2804 808 2854 Caes.
827 2804 861 2855 de
878 2817 934 2868 rep.
953 2803 1011 2853 ord.
1032 2799 1054 2864 1,
1074 2817 1098 2866 p.
1120 2799 1184 2852 254:
1208 2801 1239 2853 t.
1256 2803 1311 2853 Po·

48 2870 156 2920 stumius
175 2877 199 2918 et
218 2868 254 2916 M.
275 2868 403 2917 Faaouius
420 2867 482 2917 mibi
502 2867 621 2917 uideatur
637 2869 713 2934 quasi
733 2886 842 2936 mappae
865 2871 938 2920 uaois
961 2883 1120 2935 superuacua
1146 2885 1226 2919 caera
1245 2887 1312 2920 esse:

48 2937 93 2989 ubi
106 2935 174 2986 salai
188 2951 332 3002 peruenere,
353 2935 411 2985 usui
426 2943 500 2997 suat;
518 2935 621 3001 siquid
639 2934 740 2987 adami
760 2945 874 2988 coortum
894 2944 938 3000 est,
958 2936 989 2986 de
1005 2933 1058 2986 illis
1076 2936 1235 3002 potissimum
1251 2939 1311 2988 ia-

10 3042 12 3067 ,
49 3013 152 3057 ctura
168 3005 213 3068 fit:
240 3004 302 3070 quia
317 3003 396 3068 pretii
410 3003 516 3052 miuumi
534 3010 600 3053 suat.

10 3110 14 3142 ι
118 3095 143 3160 5,
164 3094 207 3157 26,
223 3092 246 3144 t.
271 3093 395 3143 [uitiis.
431 3095 478 3144 Mit
496 3095 639 3146 Rucksicht
664 3096 712 3146 ant
728 3097 771 3147 die
788 3096 928 3158 religibsen
947 3094 1102 3148 Gebru'uche
1121 3096 1192 3148 beim
1212 3098 1312 3163 Beginn

49 3167 124 3217 eines
136 3179 228 3231 ,neuen
248 3165 371 3226 Krieges:
392 3161 441 3212 der
457 3163 557 3227 Beginn
575 3165 649 3215 eines
668 3177 756 3215 neuen
786 3163 881 3226 (durch
901 3164 978 3233 einen
997 3164 1104 3215 ,tndern
1124 3164 1312 3230 begonnenen)

10 3268 16 3299 ,
49 3236 157 3297 Krieges
178 3245 253 3282 muss
271 3233 346 3281 scine
361 3231 455 3280 Weihe
477 3231 641 3296 emptangen.
663 3259 691 3268 —
712 3230 738 3293 5,
756 3229 799 3295 26,
817 3229 841 3282 5.
861 3230 975 3282 Sacae.
997 3232 1080 3284 flitter
1092 3233 1171 3287 Erdk.
1183 3231 1209 3294 8,
1221 3248 1248 3298 p.
1262 3230 1310 3286 93:

10 3336 16 3367 ,
49 3303 110 3363 „die
121 3302 217 3350 l’crser
233 3301 285 3349 wie
304 3299 433 3349 dielnder
450 3297 573 3362 belegten
592 3301 629 3349 im
647 3301 826 3364 Aligemeinen
842 3301 885 3350 die
900 3299 1037 3350 Nomaden
1057 3302 1160 3353 Turans
1178 3303 1229 3352 mit
1248 3302 1311 3353 dem

10 3407 16 3437 ,
49 3371 150 3420 Nomen
169 3368 253 3417 Sacae
273 3366 341 3416 eben
358 3380 397 3427 so,
416 3367 467 3416 wie
485 3367 527 3417 dio
547 3368 677 3418 Griechen
696 3370 737 3419 sie
756 3368 874 3431 Skythen
891 3368 1031 3418 nnnnten.”
1065 3370 1091 3418 S.
1112 3382 1146 3420 zu
1163 3366 1187 3430 7,
1208 3367 1249 3431 38,
1269 3367 1311 3422 17.

10 3474 17 3503 ,
51 3464 81 3473 -
103 3433 185 3484 belii
207 3432 308 3483 moles
336 3435 394 3484 hier
420 3447 475 3484 von
499 3436 551 3485 den
577 3436 819 3498 Truppenmsssen,
846 3435 885 3485 ets
910 3435 972 3485 dem
989 3436 1071 3485 Mitte!
1098 3436 1150 3486 dea
1172 3437 1251 3552 Kriep
1276 3450 1311 3487 zu

14 3544 17 3555 .
50 3505 151 3564 iuhren,
177 3505 228 3552 wie
251 3504 328 3552 sonst
352 3515 405 3550 von
431 3503 492 3552 dem
515 3503 721 3553 mechanischen
748 3505 960 3567 Kriegsapparat
993 3502 1079 3566 Vergl.
1097 3503 1152 3554 Liv.
1171 3500 1197 3563 2,
1218 3501 1232 3553 1
1252 3542 1258 3565 ‚
1278 3501 1309 3555 5:

10 3608 16 3639 ἰ
50 3587 126 3638 praem
145 3570 254 3620 aiacis
269 3569 372 3632 refectis
392 3567 538 3634 aliaque
556 3568 640 3618 mole
657 3569 753 3632 belli,
771 3571 824 3620 iarn
841 3570 870 3618 iu
889 3575 1005 3629 coesset,
1028 3577 1058 3618 ut
1074 3568 1200 3620 muneras
1216 3571 1311 3620 eoade-

10 3666 16 3709 ,
49 3646 89 3688 res
107 3637 187 3700 mita,
204 3637 298 3686 deditio
316 3644 354 3685 ess
371 3638 452 3699 saeta.
489 3639 651 3688 Ausserdem
671 3640 739 3688 wird
760 3640 808 3690 der
827 3637 953 3688 Andruck
977 3637 1017 3686 ott
1039 3638 1066 3687 in
1087 3638 1198 3691 treierer
1215 3639 1310 3691 Beate-

10 3742 17 3777 ,
49 3709 121 3771 hung
144 3706 307 3769 gebraucht;
334 3720 357 3754 z.
374 3706 401 3754 B.
418 3705 483 3754 Flor.
499 3703 524 3766 2,
544 3702 569 3765 6,
588 3702 635 3756 te:
659 3704 810 3756 Hasdrubal
829 3705 920 3768 trater.
936 3701 1090 3754 Haueribaiis
1111 3721 1169 3756 oum
1195 3707 1311 3758 exercitu

10 3810 17 3845 Ι
48 3791 123 3835 uaoo,
142 3772 326 3834 auctoriritas,
345 3770 529 3823 aaaabelli
548 3771 772 3825 moleoeaiebat.
807 3767 980 3833 unitata,
1001 3767 1032 3821 4:
1052 3770 1185 3838 bellam,
1210 3775 1309 3826 ossius

10 3850 15 3858 '
47 3841 154 3893 multo
173 3841 281 3890 maior
297 3847 430 3906 supererat
449 3838 561 3888 moles.
583 3867 611 3876 -
633 3841 811 3890 eabausta.
831 3841 858 3889 S.
870 3840 1017 3902 virumn.
1029 3835 1110 3900 4,14;
1132 3857 1198 3908 quae
1216 3839 1310 3901 bella

10 3904 17 3977 ’,
48 3909 218 3960 eabausta
235 3908 349 3959 canebat.
366 3909 422 3958 Liv.
440 3906 463 3970 5,
482 3905 505 3969 5,
526 3904 558 3957 b:
581 3914 679 3956 tautum
695 3907 833 3958 laboris
850 3905 1056 3956 cataassim.

10 3994 17 4043 ι’
115 3997 248 4064 5‚26,7.
284 3998 528 4051 Adoilitatem
554 3999 617 4052 sui.
651 3995 1176 4061 Vergt.Senec.dectem.1,3p.8:
1200 3999 1311 4050 uoubic

10 4080 18 4109 ¹
49 4075 86 4118 cst
104 4069 159 4122 siue
175 4068 277 4118 ratioue
293 4066 395 4135 populis
412 4066 565 4132 urbibusque
583 4081 725 4128 cameratis,
747 4065 786 4115 sic
804 4074 865 4132 prot
895 4065 953 4116 eali
971 4064 1124 4132 mauu
1141 4082 1222 4132 repes,
1242 4073 1266 4116 et
1284 4083 1312 4117 se

11 4150 18 4163 ·
49 4153 146 4203 suaque
162 4135 286 4198 iactandi,
305 4151 453 4202 quoeunque
472 4134 655 4184 desideraverit
672 4133 822 4198 imperantis
841 4151 919 4186 saus.
954 4133 1009 4185 Nec
1028 4131 1093 4183 baec
1110 4132 1233 4184 uilitas
1257 4136 1311 4191 sui

10 4212 19 4243 t
49 4213 86 4254 est
111 4212 156 4255 aut
177 4204 311 4264 ducentia,
338 4220 386 4268 pro
412 4219 461 4253 uuo
481 4203 566 4269 capite
590 4210 627 4251 tot
651 4199 725 4252 milia
749 4201 866 4268 excipere
888 4203 996 4266 serrum,
1024 4217 1058 4252 ac
1080 4199 1168 4253 multis
1187 4201 1311 4255 mortibus

10 4280 17 4307 ¹
47 4289 125 4323 uuum
144 4273 256 4323 ammam
273 4272 405 4332 redimere,
422 4287 608 4338 uouaumquom
628 4271 693 4320 senis
716 4275 741 4318 ei
758 4268 873 4322 invalidi.
1065 4286 1070 4291 ·

116 4363 140 4427 5,
157 4361 198 4426 26,
215 4361 241 4416 8.
275 4362 523 4414 Fiduciarium.
556 4364 580 4412 S.
599 4363 653 4412 Liv.
671 4358 712 4424 3⁶2,
731 4357 822 4424 38,2:
842 4360 1012 4428 Philippus-
1057 4358 1235 4412 timumratus
1250 4361 1310 4413 Na-

10 4426 16 4468 ?
49 4432 101 4482 bidi
124 4449 180 4482 eam
201 4428 471 4496 (legionemt-oelut
485 4429 713 4494 fiduciariam
737 4427 809 4490 dare,
837 4436 867 4479 ut
889 4429 984 4478 victori
1008 4429 1056 4479 si'
1081 4429 1235 4479 restitueret.
1274 4433 1310 4483 So

10 4502 21 4533 Ρ
47 4505 123 4565 sagte
142 4515 204 4552 man
222 4503 248 4551 in
266 4502 314 4551 der
327 4500 500 4563 jnristischen
513 4499 633 4562 Sprache
651 4496 789 4562 fiduciaria
804 4496 918 4560 coertio,
941 4495 1031 4558 tutela,
1050 4495 1185 4562 ineditos,
1205 4513 1232 4552 u.
1243 4500 1308 4550 ahnl.

10 4570 21 4665 ζ
116 4591 140 4654 5,
158 4589 200 4656 m,
218 4589 243 4642 e.
277 4590 444 4642 batesses.
481 4593 528 4642 ne
544 4592 626 4642 coos.
653 4597 741 4640 esses
758 4586 818 4669 (pie
837 4589 872 4651 z.)
899 4589 966 4640 orer
982 4589 1081 4641 uasis.
1103 4615 1132 4627 -
1164 4597 1309 4658 seipsa-

10 4702 20 4732 ,
49 4667 119 4712 tam.
151 4661 192 4711 Fa
218 4665 340 4726 optatam.
361 4688 390 4697 -
426 4657 453 4722 5,
471 4656 513 4723 m,
536 4657 576 4710 1⁰.
595 4657 752 4712 liariter
775 4655 909 4708 editam
933 4671 986 4711 von
1006 4659 1031 4709 Z.
1053 4658 1258 4727 einsseocboben.
1279 4685 1310 4696 -

1070 4727 1107 4791 11
