2820 4964
101 175 166 243 aon
590 176 631 258 o.
654 176 794 240 cunrn
819 176 918 239 nun

102 349 175 429 pido
197 348 294 407 mmae
312 342 386 405 nibil
406 342 528 419 invium,
554 342 629 405 nihil
656 349 806 405 remotum
834 344 931 405 videri
958 342 1082 405 sinebat.
1125 338 1201 407 ¹⁰Et
1218 342 1365 406 mundum

103 444 268 517 dubitabat,
292 461 329 503 an
351 440 543 515 Macedones
573 446 619 501 tot
640 441 753 503 emensi
775 441 871 521 spatie
894 448 1051 516 terrerum,
1080 441 1112 502 in
1133 441 1201 503 eeie
1219 446 1251 501 et
1270 441 1301 501 in
1321 462 1366 502 ee·

103 540 172 603 stris
195 558 283 600 senes
304 537 386 615 faeti,
403 554 459 615 per
478 534 598 597 obiecta
615 537 746 611 flumine,
773 554 830 614 per
852 542 898 597 tot
917 544 1042 599 maurae
1061 537 1220 599 obstantes
1240 536 1366 599 diffieul·

103 644 179 699 tates
199 632 355 715 sequuturi
375 638 490 693 essent:
515 632 700 693 abundantes
725 640 913 713 onustosque
940 634 1053 712 praeda
1074 632 1172 711 magis
1202 640 1291 712 perta
1309 635 1366 695 frui

102 732 189 808 velle,
210 750 299 811 quam
318 727 500 810 acquirenda
521 727 647 807 fatigari.
683 724 784 790 ¹¹Non
805 729 884 789 idem
897 729 955 791 sibi
974 736 1004 791 et
1015 729 1161 791 militibus
1173 730 1268 791 animi
1287 750 1364 793 esse:

103 850 137 890 se
156 828 249 889 totius
271 826 354 888 orbis
376 824 534 903 imperium
561 831 660 885 mente
687 825 887 904 complexum,
911 826 1010 887 adbuc
1035 825 1066 887 iu
1088 844 1221 905 operum
1243 846 1365 889 suorum

103 923 270 1005 primordio
291 930 387 985 stare:
418 920 552 995 militem,
579 920 684 983 labora
706 923 907 1002 defatigatum,
937 922 1108 1004 pronaum
1133 942 1288 1007 quemque
1307 925 1364 987 irn-

103 1029 186 1084 etum
206 1020 292 1081 finito
312 1019 432 1080 tandem
451 1018 587 1097 periculo
609 1028 760 1101 expetere.

188 1118 266 1179 Vlll.
298 1111 323 1153 ¹²
331 1115 413 1176 Vicit
432 1135 508 1194 ergo
532 1116 645 1196 cupido
665 1120 820 1195 rationem,
842 1118 930 1180 etad
951 1118 1132 1180 concionem
1151 1121 1273 1182 voeatis
1295 1120 1364 1181 miti-

104 1216 192 1289 tibus,
222 1213 260 1273 ad
279 1214 359 1273 bunc
378 1213 505 1274 maxime
526 1212 648 1273 modum
675 1213 834 1276 disseruit:
864 1216 936 1276 Non
961 1217 1080 1293 ιζνιονο,
1105 1217 1230 1291 milites,
1257 1218 1363 1291 malta,

103 1330 181 1389 quae
209 1317 322 1371 terrere
346 1327 398 1369 vos
419 1316 552 1389 possent,
580 1306 619 1369 ab
646 1311 756 1371 incolis
778 1311 887 1372 Inds'esc
902 1331 962 1391 per
981 1310 1036 1371 los
1054 1312 1118 1373 dies
1143 1312 1183 1373 de
1207 1314 1363 1375 indmbsb

102 1428 163 1469 esse
180 1408 316 1468 metata:
348 1399 433 1467 ¹³sed
456 1426 520 1467 nvn
546 1413 590 1466 est
610 1408 776 1484 improvisa
795 1406 878 1467 volu
896 1409 1111 1469 mentientium
1135 1411 1275 1472 vanitas.
1315 1411 1364 1471 ate

105 1503 230 1568 cutam
238 1502 366 1582 fauces,
393 1504 437 1563 sic
456 1504 697 1582 Mesopotamiae
717 1522 847 1582 campas,
880 1505 1003 1583 lig-rim
1027 1511 1059 1564 et
1074 1504 1272 1583 Euphraten,
1298 1526 1363 1585 que

102 1621 174 1661 rum
195 1600 329 1661 alterum
350 1599 428 1659 vado
448 1600 658 1674 transivimus,
679 1599 813 1659 alterum
825 1606 931 1677 ponte,
951 1598 1116 1661 lambetam
1123 1597 1284 1680 feceram
1295 1603 1363 1662 Per·

102 1686 161 1761 sae.
201 1690 402 1774 ¹⁴Nunquam
422 1695 467 1755 ad
483 1695 635 1774 liquidum
645 1694 747 1774 fama
767 1695 969 1772 perducitur.-
996 1698 1112 1773 omnia
1134 1697 1195 1759 illa
1214 1698 1361 1771 tradem

103 1798 224 1856 mucra
244 1800 320 1853 sunt
335 1810 413 1853 vera.
455 1790 569 1851 clastra
586 1811 703 1870 queque
720 1791 833 1869 gloria,
855 1812 950 1870 quam
971 1794 1015 1853 sit
1030 1813 1071 1853 ec
1089 1794 1197 1871 solido,
1217 1796 1298 1873 plus
1320 1802 1362 1855 ta·

102 1912 173 1952 men
192 1888 281 1951 labet
300 1889 442 1962 nvminis,
469 1906 562 1964 quam
582 1889 688 1965 operia
728 1882 752 1925 ¹⁵
760 1888 856 1949 Modo
883 1891 952 1966 quis
969 1886 1072 1949 belseas
1091 1887 1261 1968 fiorentes
1287 1910 1361 1951 mae

102 1991 191 2049 nium
209 1989 342 2066 speciem,
363 1986 431 2064 quis
442 1983 609 2063 Hydaspen
627 2003 758 2060 amnne,
779 1985 962 2063 praeserere
982 1986 1096 2046 auditu
1116 1988 1251 2061 maiora,
1274 2006 1360 2064 wem

102 2105 180 2161 vero,
208 2085 356 2144 sustinere
377 2100 463 2159 passe
488 2077 650 2141 madebat?
693 2079 775 2140 Olim
800 2079 922 2141 hercule
938 2081 1136 2163 fugissemus
1161 2102 1201 2143 en
1221 2082 1310 2159 Assa,
1337 2084 1362 2142 si

102 2201 158 2242 nes
167 2179 305 2260 fabulae
325 2176 474 2238 debellare
485 2177 665 2255 potuissent.
700 2170 726 2214 ¹⁰
733 2176 901 2239 Creditisne
917 2176 1148 2255 elephantorum
1166 2196 1280 2256 greges
1299 2198 1360 2237 ma-

103 2280 180 2338 iores
204 2296 271 2351 esse,
300 2292 392 2352 quam
416 2292 547 2352 usquam
574 2281 786 2334 armentorum
804 2276 899 2334 sant?
926 2292 1021 2351 qaum
1040 2281 1073 2333 et
1097 2293 1210 2335 rarum
1233 2276 1281 2335 sit
1297 2276 1361 2335 ani·

104 2373 177 2449 mal,
197 2392 253 2433 nec
264 2369 372 2451 facile
391 2371 536 2447 capiatur
552 2371 708 2448 multoque
725 2367 893 2448 difficilius
908 2370 1076 2449 mitigetur.
1111 2365 1245 2449 ¹⁷Atqee·
1261 2372 1361 2433 eadem

103 2471 226 2530 vanitas
246 2468 349 2546 capias
366 2464 506 2544 peditum
529 2467 724 2545 equitumque
748 2467 934 2526 numeravit.
974 2466 1057 2527 Nam
1075 2468 1212 2550 flumen,
1238 2487 1301 2545 que
1318 2470 1361 2529 la·

104 2569 165 2627 tius
177 2565 295 2645 fusum
317 2570 369 2636 est,
388 2560 443 2620 liae
460 2560 616 2637 placidius
637 2568 781 2640 stagnat:
799 2562 909 2640 quippe
926 2563 1067 2640 angusta
1087 2564 1166 2642 repsi
1183 2566 1319 2625 mercita
1334 2571 1360 2623 et

103 2665 139 2723 in
158 2662 366 2739 angustiorem
393 2657 514 2717 alveum
534 2657 618 2730 elisa,
650 2664 798 2717 torrentes
822 2676 920 2736 aquas
937 2657 1104 2729 emmeram·
1129 2666 1243 2719 centm
1266 2662 1361 2740 spatia

103 2760 185 2821 alvei
203 2759 324 2835 segnior
347 2772 455 2815 cursus
472 2759 524 2813 est.
564 2744 591 2787 1³
599 2752 764 2812 Praeterea
786 2754 822 2813 in
842 2754 914 2832 ripa
935 2773 1023 2815 amne
1033 2755 1213 2833 periculum
1235 2764 1291 2833 est,
1313 2755 1361 2817 uli

103 2856 293 2935 applicantes
313 2851 442 2929 navigia
462 2849 554 2909 lestis
572 2855 719 2925 expectat.
762 2851 812 2909 Ita
830 2858 1102 2929 quentemmnqee
1112 2852 1242 2934 flemren
1268 2856 1359 2917 inter-

103 2954 194 3025 venit,
216 2951 297 3011 idem
308 2947 467 3028 futurum
490 2945 651 3005 descrimen
670 2951 715 3004 est
734 2945 927 3006 evadentium
946 2948 982 3006 in
1005 2954 1129 3010 terram.

186 3047 243 3108 lx.
297 3040 392 3105 ¹⁹Scd
410 3043 514 3101 omnia
535 3043 595 3101 isle
616 3060 690 3101 vera
709 3061 768 3102 esse
778 3041 953 3121 fingamus.
998 3044 1148 3105 Utrumne
1167 3062 1221 3105 vos
1240 3047 1360 3126 magni

173 3210 199 3274 9,
217 3210 243 3271 7,
264 3209 302 3259 10.
333 3209 437 3257 Senes.
468 3208 670 3259 Derausdruck
683 3208 753 3257 kann
769 3221 822 3259 von
839 3209 900 3259 dem
912 3210 1281 3267 Kerndesmaeedonisehen
1290 3214 1358 3264 flee-

105 3296 156 3342 res,
177 3283 203 3329 in
217 3294 247 3329 so
260 3279 316 3328 iarn
335 3292 365 3327 er
384 3277 505 3327 derRest
521 3277 569 3326 des
590 3276 640 3323 mit
648 3275 719 3327 Alex.
739 3276 808 3326 nach
821 3278 898 3326 Asien
920 3277 1156 3342 ubergaganganen
1174 3294 1243 3340 war,
1264 3282 1301 3332 im
1320 3282 1359 3331 εἰ.

105 3350 279 3413 gantliahsten
292 3347 355 3394 Sinn
373 3344 535 3394 verslanden
549 3343 665 3392 werden.
687 3340 952 3405 sustentans:
974 3361 1049 3411 quum
1066 3344 1102 3395 ad
1119 3352 1173 3396 tam
1189 3347 1359 3415 periculam

106 3416 198 3467 bellum
215 3413 354 3465 exereitum
372 3411 471 3477 teperet,
492 3426 544 3458 non
561 3410 661 3459 iuvenes
676 3409 792 3460 robustas
809 3426 856 3461 nec
870 3410 981 3477 primum
992 3412 1081 3478 flerem
1092 3412 1197 3476 measa,
1210 3415 1259 3464 „a
1274 3424 1359 3467 m„

105 3481 414 3550 ranos,plerosque
434 3478 534 3527 eliam
554 3477 717 3527 emeritae
733 3477 889 3538 militiae,
912 3480 968 3545 qui
987 3495 1056 3531 cum
1072 3486 1177 3545 patre
1217 3484 1358 3537 atreis-

106 3570 165 3619 que
184 3550 442 3607 militaverant,
457 3544 579 3612 clepit,
598 3552 627 3595 ut
645 3562 697 3594 non
714 3553 766 3594 tam
785 3544 885 3607 milites,
905 3563 981 3612 quem
993 3547 1253 3613 mapistrasmistiae
1271 3550 1358 3601 elwine

103 3628 215 3688 putares.
242 3620 365 3680 Dagegen
384 3614 431 3665 anf
446 3615 489 3665 die
499 3615 567 3665 nach
580 3615 635 3664 und
655 3615 723 3663 nach
741 3627 789 3663 aus
801 3614 906 3676 Europa
919 3616 1153 3679 berongezogenen
1164 3616 1358 3669 Ersalzmann-

106 3687 233 3747 sebasten,
252 3698 300 3733 nus
317 3688 403 3733 denen
424 3683 492 3732 wohl
510 3684 537 3731 in
556 3683 657 3732 diesem
669 3680 831 3744 ningenbliok
852 3682 900 3732 der
914 3687 1018 3745 grossis
1032 3684 1105 3737 Theti
1123 3683 1172 3734 des
1187 3684 1291 3736 neem
1311 3686 1359 3735 be.

105 3756 197 3807 stehen
218 3752 335 3811 moabie,
365 3751 434 3799 kann
459 3751 508 3800 das
524 3752 602 3800 Worl
625 3751 653 3798 in
677 3750 738 3799 dem
756 3749 819 3799 sehr
844 3751 1043 3811 gewobnliehen
1066 3750 1266 3815 tibertmgenen
1284 3755 1359 3803 stane

106 3822 281 3887 angewendet
304 3819 421 3879 werden,
439 3817 527 3867 wobei
547 3817 792 3867 derSehriitsteller
811 3817 888 3868 keine
902 3817 1053 3868 besondere
1067 3816 1235 3869 rhetorisohe
1249 3820 1361 3871 Freibeil

105 3894 162 3945 sich
181 3901 339 3955 genommen
358 3886 410 3935 hat.
445 3887 502 3934 Dan
520 3885 615 3935 beaten
628 3886 798 3934 Commentar
817 3884 891 3946 giebt
910 3886 938 3934 C.
956 3883 982 3945 9,
1001 3883 1040 3947 ib,
1062 3882 1107 3935 1οε
1131 3884 1233 3935 intem
1251 3902 1360 3957 mm

105 3950 609 4076 ,f
632 3949 847 4068 annun
859 3950 1359 4086 vrincn¹a¹men·

106 4042 131 4078 s.
151 4062 174 4089 .,
208 4034 235 4086 ⁸,
254 4038 284 4074 „t
914 4055 922 4079 5
1353 4060 1359 4072 ι

173 4115 199 4177 9,
218 4114 242 4178 8,
264 4110 302 4163 11.
338 4111 388 4162 Aa
406 4110 579 4176 liquidam.
616 4111 670 4159 Der
688 4110 739 4159 Rus
754 4111 829 4161 einer
840 4111 926 4162 Secbe
946 4112 1016 4162 kann
1032 4110 1145 4162 niemals
1162 4125 1195 4163 so
1215 4112 1288 4165 obne
1300 4114 1361 4165 na-

106 4186 245 4247 miscbung
263 4182 376 4232 tatsaher
392 4179 573 4242 trttgariscbar
589 4178 784 4229 Bestandtbeile
801 4179 954 4242 dargestettt
968 4178 1085 4241 werden,
1101 4174 1163 4230 dass
1182 4193 1214 4231 er
1227 4182 1361 4232 volitam-

107 4268 168 4304 men
187 4253 253 4311 kias,
271 4251 364 4309 lenter,
384 4248 526 4310 gleichsam
545 4245 714 4308 dnrcbsiohig
731 4247 772 4296 ist.
799 4249 824 4296 S.
843 4261 877 4296 zu
896 4245 993 4310 3,1,3.
1016 4273 1044 4282 -
1066 4262 1106 4297 ea
1122 4246 1248 4299 solide.
1278 4250 1361 4313 Vergl

108 4322 160 4371 Cic.
181 4321 214 4369 de
237 4319 280 4367 fin.
301 4316 362 4366 bon.
384 4314 407 4375 1,
426 4311 465 4376 18,
486 4310 533 4363 61:
551 4311 594 4361 illi
609 4319 704 4378 nepam
722 4329 775 4361 esse
794 4311 885 4363 domm
903 4314 1040 4394 quidquam
1058 4313 1109 4363 nisi
1130 4314 1216 4365 maia
1232 4332 1313 4431 ἵνα
1327 4316 1361 4366 il-

108 4386 159 4436 lam
177 4384 300 4443 umbram,
324 4381 392 4448 qued
412 4398 445 4449 ap
465 4380 545 4431 ellani
568 4379 707 4439 lanatum,
735 4396 798 4429 nen
825 4388 889 4431 tans
912 4381 1042 4442 salsda,
1064 4396 1161 4448 quam
1187 4396 1224 4450 sp
1247 4384 1361 4435 end'do

105 4453 239 4502 nomine.
264 4450 426 4502 Cic.inVat.
453 4446 498 4509 ,82
517 4447 787 4514 bvmnimperitissime
805 4448 937 4500 solidae
955 4448 1066 4500 laudis
1085 4464 1208 4499 acuam
1220 4450 1360 4517 dignitatis.

173 4538 200 4601 9,
218 4540 243 4603 8,
262 4538 303 4591 17.
338 4538 441 4589 Elisa
463 4542 499 4591 ist
516 4541 673 4605 Steigerung
693 4540 741 4590 des
759 4541 868 4603 Begriils
887 4554 940 4591 von
958 4540 1087 4591 mervile:
1112 4542 1161 4593 dns
1178 4542 1238 4593 nitu
1254 4544 1296 4595 ist
1311 4557 1360 4595 sou

106 4606 200 4658 elidere
214 4610 251 4658 im
272 4607 352 4657 Sinna
370 4608 418 4659 das
436 4609 603 4673 Erwurgans,
622 4608 790 4659 Erdrtiekens
809 4609 1023 4673 hergenommen.
1041 4610 1130 4674 vergi.
1143 4624 1177 4663 zu
1193 4606 1220 4674 8,
1233 4606 1320 4673 45,st
