2820 4964
109 179 169 245 un
575 175 616 256 Q.
639 175 779 238 suurn
799 175 896 238 uun

107 352 234 425 docent,
262 346 415 410 occultum
434 346 492 407 iter
513 365 581 408 esse
601 366 658 426 per
678 345 771 408 calles
797 355 986 409 etaversum
1010 346 1049 408 ab
1075 345 1168 407 urbe:
1193 345 1220 408 si
1251 365 1370 425 paucos

105 448 237 508 misisset
256 445 363 505 leviter
383 449 529 520 armatos,
559 462 652 524 super
674 445 773 523 capita
791 445 922 506 hostium
945 462 1098 505 evasuros.
1150 437 1274 520 6Quum
1298 464 1371 505 con

106 545 204 606 silium
223 541 396 622 placuisset,
417 540 506 599 iidem
528 540 667 601 itiuenam
689 542 809 601 suerunt
830 541 933 602 duces.
975 541 1009 601 Μ
1030 545 1060 600 at
1080 541 1108 600 D
1131 541 1273 601 mercede
1296 560 1371 602 con-

106 640 189 702 ducti
213 646 242 700 et
257 635 381 716 Agriani
404 637 467 696 fere
490 639 523 698 Μ
550 638 684 698 Tauroni
709 639 863 715 praelecto
886 637 957 711 dati,
981 657 1017 697 ac
1037 642 1108 715 post
1126 635 1201 697 solis
1222 656 1370 700 coemam

106 740 163 799 iter
181 734 297 815 ingredi
319 733 401 796 iussi.
455 731 544 812 ⁷lpse
561 735 647 796 tertia
667 733 769 813 vigilia
802 733 909 795 castris
937 734 1027 794 motis
1054 732 1135 794 circa
1159 732 1238 795 lucis
1266 742 1369 795 ortum

105 840 230 914 superat
248 831 408 909 angustias,
430 850 578 912 caesaque
596 832 719 892 materia
738 831 870 892 cratibus
890 835 920 891 et
941 829 1052 909 pluteis
1075 829 1228 908 faciendis,
1247 838 1296 906 ut,
1316 834 1368 912 qni

106 939 206 992 turres
218 929 422 1003 admoverent,
438 935 522 988 extra
534 926 586 987 teli
597 927 688 988 ictum
701 934 810 1003 essent,
831 927 938 988 urbem
950 926 1091 989 obsidere
1105 926 1215 1006 coepit
1251 923 1267 967 ⁸
1278 929 1368 988 Prae

105 1034 193 1106 rupta
214 1030 299 1084 erant
320 1023 435 1098 omnia,
457 1024 536 1084 saxis
559 1029 589 1083 et
618 1023 737 1085 cotibus
765 1024 914 1103 impedita.
956 1024 1060 1086 Multis
1090 1043 1162 1103 ergo
1190 1023 1365 1085 vulneribus

105 1118 238 1199 depulsi,
257 1126 290 1179 ut
311 1120 420 1199 quibus
441 1140 502 1180 non
524 1141 594 1181 cum
615 1120 701 1180 hoste
722 1120 835 1196 solum,
856 1121 910 1181 sed
932 1122 1021 1181 etiarn
1041 1142 1110 1183 cum
1130 1120 1202 1182 loco
1224 1121 1365 1183 dimican-

105 1219 176 1279 dum
197 1222 291 1292 esset,
315 1215 455 1276 subibant
476 1222 588 1293 temen,
634 1211 725 1296 ⁹qnia
747 1236 807 1276 rex‘
822 1217 900 1278 iuter
920 1217 1036 1296 primos
1060 1218 1251 1294 constiterat,
1273 1217 1364 1279 inter-

105 1312 402 1394 roganstotnrbinm
422 1313 562 1389 victores,
581 1332 620 1373 an
642 1313 855 1377 erubescerent
875 1315 999 1375 haerere
1019 1315 1051 1374 in
1072 1312 1229 1375 obsidione
1250 1314 1365 1375 castelli
1386 1376 1390 1381 ,

105 1409 206 1490 exigui
228 1415 258 1470 et
279 1409 434 1488 ignobilis3
464 1409 554 1472 simul
578 1409 743 1471 admoneus
761 1408 784 1455 ·*
799 1408 828 1463 <⁴

104 1512 185 1570 lnter
216 1507 291 1569 haec
321 1508 435 1568 eminus
456 1507 628 1586 petebatnr3
656 1525 745 1586 quem
767 1507 914 1568 testudine
937 1507 1056 1568 obiecta
1083 1507 1207 1583 milites,
1236 1507 1305 1585 nbi,
1332 1516 1364 1569 ut

105 1605 283 1678 discederet,
304 1603 474 1683 perpellere
495 1602 680 1684 nequierant,
702 1604 870 1665 tuebantur.

186 1703 241 1765 Xl.
290 1695 318 1739 ¹⁰
329 1699 463 1760 Tandem
492 1701 614 1760 Tauron
647 1718 740 1779 super
770 1721 870 1762 arcem
895 1701 978 1763 urbis
1006 1721 1040 1763 se
1065 1722 1134 1764 cum
1158 1721 1216 1764 auo
1246 1703 1362 1778 agmine

104 1801 247 1864 ostendit:
291 1797 330 1858 ad
354 1797 441 1858 cuius
469 1805 665 1877 conspectum
698 1805 729 1859 et
762 1799 893 1860 bostium
924 1798 1014 1859 animi
1049 1799 1153 1860 labare
1194 1804 1226 1860 et
1264 1801 1364 1861 blace-

104 1902 199 1961 dones
227 1896 328 1957 acrius
358 1894 508 1972 proelium
539 1892 614 1955 inire
644 1903 818 1974 coeperunt.
870 1891 892 1935 ¹¹
902 1895 1024 1975 Anceps
1056 1897 1226 1976 oppidanos
1252 1897 1363 1957 malum

103 1997 244 2075 urgebat,
278 2011 335 2052 nec
362 1991 426 2053 sisti
453 1990 499 2051 vis
526 1991 657 2053 hostium
683 1999 810 2071 poterat.
864 1992 970 2054 Paucis
999 1992 1038 2052 ad
1062 1993 1267 2070 moriendum,
1296 1993 1363 2074 plu-

102 2094 186 2156 ribus
217 2091 256 2152 ad
283 2089 385 2168 fugam
413 2087 528 2148 animus
559 2089 629 2164 suit,
660 2108 768 2169 magna
796 2110 866 2169 pars
895 2091 925 2150 in
953 2109 1054 2150 arcem
1080 2089 1241 2151 concessit.
1288 2091 1362 2153 lude

101 2192 204 2250 XXX
225 2185 395 2248 oratoribus
413 2185 512 2245 missis
532 2186 569 2246 ad
591 2185 831 2267 deprecandum,
859 2187 944 2248 triste
965 2205 1145 2266 responsum
1164 2188 1362 2275 alrege'red

103 2287 196 2362 ditur,
227 2303 290 2344 non
317 2301 383 2341 esse
411 2281 515 2341 veniae
540 2266 652 2345 locum:
708 2276 843 2362 ¹²ltaqne
878 2281 1098 2362 suppliciorum
1128 2302 1249 2365 quoque
1281 2297 1362 2349 metu

102 2381 234 2464 perculsi
255 2379 293 2441 ad
312 2376 520 2455 Sisygambim,
542 2378 635 2439 Darei
655 2384 787 2454 matrem,
811 2377 933 2440 occulto
956 2378 1061 2439 itinere
1084 2378 1250 2460 ignotoque
1270 2380 1361 2442 hosti-

101 2481 159 2541 bus
181 2479 308 2551 mittunt,
330 2474 381 2556 qui
403 2480 555 2553 peterent,
575 2481 609 2536 ut
632 2476 698 2555 ipsa
718 2494 819 2554 regem
841 2475 1003 2554 mitigaret,
1025 2476 1105 2536 haud
1122 2475 1234 2555 ignari,
1255 2496 1362 2556 paren-

101 2578 140 2639 tis
161 2595 227 2636 eam
247 2574 317 2634 loco
342 2569 425 2649 diligi
447 2569 578 2653 colique.
621 2573 661 2635 Et
678 2572 812 2633 Medates
833 2571 948 2633 sororis
968 2570 1034 2633 eius
1055 2571 1147 2635 filiam
1168 2592 1273 2635 secum
1299 2594 1361 2636 ma-

103 2670 244 2734 trimonio
273 2669 425 2744 iunxerat,
459 2669 591 2728 Dareum
621 2667 792 2748 propinqua
826 2668 1004 2748 cognatione
1042 2669 1228 2749 contingens.
1270 2664 1362 2732 ¹³Din

169 2891 295 2957 5,10‚o.
332 2893 515 2957 itinerum,
547 2895 605 2944 weit
630 2908 660 2944 es
678 2894 897 2959 manntohlatttge,
925 2895 976 2945 viel
1000 2895 1217 2959 versentungene,
1240 2895 1362 2947 sehwte-

101 2965 157 3026 rige
178 2965 260 3026 Wege
280 2976 380 3013 waren.
417 2963 541 3013 Aebutich
562 2959 675 3022 11103,
693 2960 736 3025 33,
756 2959 784 3012 8:
810 2962 855 3010 dat
873 2962 916 3028 qui
931 2970 1130 3029 prosequuntur,
1153 2963 1285 3012 itinera
1304 2978 1360 3013 eum

101 3047 166 3080 citra
189 3030 365 3089 demonstrent,
391 3045 456 3094 quae
478 3028 535 3078 locu
558 3045 668 3094 quosque
689 3029 771 3078 saltus
799 3037 845 3079 aut
867 3029 997 3081 Romanus
1023 3037 1070 3081 unt
1093 3030 1177 3081 testes
1196 3036 1307 3081 teneant.
1330 3058 1358 3068 -

78 3094 261 3147 ‘'Tauroni.
295 3098 329 3146 Es
347 3097 449 3145 kommt
476 3099 502 3146 C.
526 3094 608 3161 8,48,
629 3094 660 3147 15
686 3095 922 3161 undArr.5,15‚
944 3096 960 3148 3
989 3101 1032 3149 ein
1052 3100 1158 3149 Tauron
1180 3098 1219 3151 als
1236 3099 1361 3151 Belebls-

101 3165 185 3216 babar
202 3166 251 3214 der
267 3164 389 3225 Phalanx,
405 3164 459 3212 und
481 3162 538 3213 Arr.
559 3163 583 3225 5,
603 3160 642 3224 14,
663 3163 676 3213 1
695 3167 737 3214 ein
758 3166 864 3216 Tauron
884 3166 922 3216 als
939 3163 1068 3238 τοξάρχης
1087 3180 1144 3218 vor.

168 3254 192 3318 5,
213 3253 253 3316 10,
273 3251 296 3302 7.
334 3252 485 3333 Superat.
504 3254 545 3303 F.:
566 3262 740 3321 superauerat.
758 3257 920 3313 -ictum
939 3260 983 3310 Z.:
1001 3257 1103 3308 iactum
1132 3259 1156 3309 S.
1174 3273 1208 3309 zu
1226 3254 1252 3321 4,
1266 3256 1306 3323 11,
1319 3256 1358 3311 00.

102 3353 130 3363 -
153 3325 179 3387 5,
200 3322 242 3384 10,
262 3320 285 3373 Β.
306 3319 481 3371 substant.
523 3322 566 3372 011
582 3323 696 3382 absolut.
728 3327 764 3374 So
776 3324 831 3377 Ltv.
850 3324 873 3389 5,
896 3322 938 3385 43,
958 3322 975 3375 2
993 3339 1048 3376 von
1068 3328 1117 3377 der
1129 3326 1294 3392 Betagerung
1313 3329 1360 3379 des

100 3394 216 3457 Capitols
238 3391 322 3442 durch
342 3391 385 3440 die
402 3390 513 3440 Gallier:
527 3390 615 3457 prima
633 3389 688 3440 luce
706 3392 776 3458 sipno
795 3392 855 3442 duta
875 3392 1010 3443 multitudo
1030 3393 1109 3442 omnis
1126 3394 1154 3443 in
1171 3394 1231 3458 suro
1248 3392 1360 3445 instrui-

102 3469 160 3511 tur:
185 3459 243 3509 inde
264 3456 376 3507 clamore
396 3456 495 3506 suttuto
517 3460 549 3506 ue
568 3459 690 3508 testudine
707 3461 789 3525 sucta,
809 3459 956 3511 subeunt.

167 3548 281 3610 5,10,e.
301 3548 326 3597 E
332 3548 544 3599 notescerem
554 3558 569 3601 t.
588 3553 637 3602 Die
648 3552 822 3615 Empttndnng
833 3553 919 3604 durch
936 3556 1014 3605 einen
1031 3553 1216 3617 kbrperttcheu
1231 3555 1358 3615 zustand,

100 3620 152 3669 den
169 3620 232 3682 jene
251 3617 483 3680 hervorgebracht.
515 3616 633 3680 s.5‚18,
648 3617 686 3670 10.
705 3618 728 3681 5,
743 3616 782 3682 13,
802 3617 825 3671 3.
845 3647 874 3657 -
895 3619 994 3673 simul
1010 3621 1185 3677 admonens
1202 3618 1245 3649 *⁴*
1264 3620 1361 3672 later

100 3686 182 3736 lucc
201 3684 326 3734 eminus
346 3682 538 3750 petebatur.
557 3688 597 3737 F.:
615 3686 692 3736 simul
715 3687 768 3736 ium
785 3687 854 3736 inter
873 3686 937 3738 bueo
956 3689 1050 3739 eminus
1068 3684 1219 3754 petebatur,
1237 3690 1357 3740 eludere:

99 3752 176 3803 simul
189 3752 325 3802 admonens
340 3752 392 3801 ium
404 3753 471 3802 inter
483 3752 546 3803 liaeo
557 3754 651 3804 eramus
663 3753 804 3822 petebatur.
820 3782 849 3792 -
864 3772 958 3822 quem.
977 3758 1042 3807 Zum
1053 3756 1124 3807 Thail
1139 3756 1208 3807 nach
1219 3757 1305 3821 Gonia
1316 3756 1358 3807 R:

100 3839 176 3889 quum
198 3819 322 3869 testudine
341 3820 389 3870 uti.
411 3819 473 3883 mil,
500 3822 543 3887 qui
566 3829 596 3871 ut
612 3823 671 3873 inde
689 3822 829 3873 discederet
845 3823 987 3891 perpellere
1005 3839 1036 3872 ne
1073 3822 1178 3885 ‘emunt
1205 3820 1359 3885 luctantum

100 3891 191 3941 trahar
211 3904 283 3955 quem
302 3887 427 3937 testudine
451 3887 551 3938 obiectu
568 3887 669 3953 milites,
695 3898 725 3940 ut
741 3890 800 3940 inde
820 3888 964 3955 discederet,
992 3890 1089 3959 petere
1105 3890 1281 3957 nequiuerat,
1301 3899 1358 3941 tue-

101 3957 201 4008 buntur.
238 3959 339 4021 Wegen
360 3973 431 4022 quem
449 3959 529 4021 vergi.
540 3954 563 4021 4,
574 3956 614 4020 27,
625 3955 671 4009 0οι
694 3957 774 4024 linqui
795 3958 883 4007 deinde
897 3960 982 4009 auimo
1005 3966 1030 4007 et
1045 3957 1157 4008 submitti
1173 3974 1241 4024 pensu
1260 3960 1357 4029 coepit:

99 4043 186 4094 quam
204 4024 318 4093 proximi
340 4041 387 4073 eac
419 4025 515 4073 tumim
532 4032 621 4075 castra
640 4032 796 4143 receperunt.
817 4053 845 4063 -
872 4024 898 4087 5,
912 4025 954 4087 10,
967 4025 1007 4079 10.
1042 4025 1186 4077 Lubere.
1205 4030 1232 4079 S.
1250 4028 1305 4079 cic.
1323 4027 1357 4079 ad

98 4092 187 4155 4118,
201 4090 247 4144 14;
268 4092 331 4142 scito
353 4090 386 4141 lu
414 4108 469 4141 are
487 4109 568 4143 meum
588 4095 683 4144 consi
708 4095 773 4144 inm
792 4091 865 4157 illud,
881 4094 948 4160 quod
966 4095 1030 4145 sutis
1047 4094 1100 4145 iam
1118 4094 1199 4159 fixum
1215 4092 1357 4145 uidebatur.

166 4182 191 4242 5,
213 4184 252 4243 11,
273 4183 313 4235 11.
347 4184 397 4234 Ad
414 4186 522 4250 [upum
540 4186 676 4235 unimus.
701 4188 726 4236 S.
744 4184 770 4245 5,
787 4181 830 4245 36,
849 4184 895 4237 13:
912 4186 935 4235 ai
951 4185 1028 4235 tiemo
1050 4192 1149 4235 tuntum
1165 4185 1273 4237 animi
1287 4186 1357 4250 [uis-

98 4259 136 4300 set
151 4251 193 4300 nd
207 4250 392 4318 proelium,
413 4260 535 4317 quantum
554 4251 596 4301 uel
610 4253 846 4317 parricidium
861 4255 955 4318 [uerat.
978 4251 1004 4313 4,
1019 4249 1060 4316 54,
1075 4252 1122 4303 15:
1140 4270 1172 4303 ne
1187 4251 1243 4303 illis
1258 4253 1359 4320 quidem

98 4318 140 4367 ud
161 4321 276 4384 sapum
297 4318 387 4368 locus
407 4326 450 4368 est.
488 4320 657 4370 Gewdhntich
686 4321 736 4369 mit
763 4322 823 4371 dem
842 4321 967 4381 Gerund„
991 4337 1014 4371 z.
1031 4323 1056 4373 B.
1077 4323 1132 4373 Cic.
1152 4322 1227 4373 Fout.
1247 4319 1288 4384 14,
1307 4319 1357 4373 30.

98 4385 188 4452 quodsi
205 4393 251 4435 aut
269 4393 391 4451 quantum
408 4385 563 4435 voluntatem
576 4385 668 4436 tutent
686 4386 721 4435 nd
731 4386 798 4438 laune
816 4388 1005 4456 opprimendum
1023 4397 1070 4438 aut
1084 4397 1207 4456 quantam
1219 4388 1255 4439 ud
1272 4388 1358 4439 mule·

98 4451 378 4567 dicepdumlicentium,
395 4460 527 4504 tantum
544 4452 665 4503 laterent
684 4455 787 4505 autad
805 4455 1051 4507 ementiendum
1071 4457 1174 4507 animi
1191 4463 1237 4506 aut
1254 4456 1292 4507 ud
1304 4457 1358 4522 fin-

95 4534 144 4584 pen
162 4535 203 4568 um
219 4536 320 4589 inpensa

166 4608 192 4670 5,
211 4608 253 4670 11,
276 4609 314 4661 11.
343 4611 478 4677 Quoque
497 4627 549 4663 von
567 4615 592 4662 Z.
611 4613 1356 4679 eingeschattet.1)esgteiotmnetushtutersomaia-
