2820 4964
107 153 172 221 roa
572 155 614 237 Q.
644 155 784 219 cunru
805 157 903 221 nuru

191 323 346 387 xxxvl
379 318 504 385 ³⁰Tunc
515 323 647 401 Coenus,
667 346 847 408 quamquam
864 326 1000 388 Philotae
1017 343 1157 388 sororem
1179 326 1370 390 matrimonio

109 440 213 484 secum
234 420 444 496 coniunxerat,
468 427 567 482 tamen
587 421 702 498 acrius,
723 442 813 504 quam
834 421 992 503 quisquam
1011 422 1043 483 in
1065 423 1212 486 Philotam
1234 424 1371 488 invectus

109 525 171 594 est,
192 517 373 597 parricidam
393 536 461 579 esse
483 516 581 596 regis,
603 518 731 597 patriae,
764 519 927 595 exercitus,
956 517 1129 582 clamitans:
1163 515 1371 602 ³¹saxnmque,

109 616 192 697 quod
212 616 291 676 torte
312 615 491 694 antepedes
512 613 642 690 iacebat,
665 615 806 695 arripuit,
828 614 992 678 emmsurus
1011 615 1043 677 in
1063 635 1151 691 eum3
1178 625 1214 680 ut
1235 619 1372 700 plerique

109 712 280 789 credidere,
301 711 457 773 tormentis
479 711 655 772 subtrahere
674 711 811 790 cupiens.
854 711 918 774 Sed
936 731 991 773 rex
1010 733 1130 775 manum
1150 715 1217 777 eius
1235 715 1370 792 inhibuit

108 809 228 873 dicendi
247 809 332 888 prius
350 826 472 869 causam
490 806 601 868 debere
616 808 682 868 lieri
700 815 879 887 potestatem
896 828 962 883 reo,
980 829 1039 872 nec
1056 809 1144 873 aliter
1156 810 1286 874 indicari
1306 832 1370 891 pas

107 927 213 970 surum
239 925 272 967 se
299 905 459 966 affirmans.
501 895 614 964 ³²Tum
643 903 745 966 dicere
770 905 870 968 iussus
902 906 1049 983 Philotas,
1081 906 1146 970 eive
1184 908 1368 971 conscientia

107 1003 307 1066 scelerissivc
329 1000 456 1081 periculi
475 999 686 1080 magnitudine,
709 1022 811 1064 amens
831 1007 862 1063 et
883 1002 1036 1079 attonitus,
1055 1024 1117 1066 nou
1135 1005 1279 1067 attollere
1301 1027 1368 1068 ocu-

106 1101 165 1176 los,
183 1120 246 1161 non
259 1098 377 1163 hiscere
389 1096 527 1159 audebat
558 1091 586 1136 ³³
595 1097 741 1159 lacrimis
754 1099 863 1161 deiude
875 1099 1070 1176 manantibus,
1089 1100 1245 1182 linquente
1262 1102 1367 1181 animo,

106 1198 139 1258 in
157 1216 240 1270 eum,
270 1213 371 1274 aquo
401 1194 573 1268 tenebatur,
604 1192 755 1256 incubuit:
781 1195 986 1278 abstersisque
1014 1195 1144 1258 amiculo
1171 1199 1238 1261 eius
1266 1200 1368 1276 oculta

106 1292 249 1375 paulatim
261 1290 412 1371 recipiens
431 1289 569 1369 spiritum
584 1311 622 1353 ac
641 1310 758 1368 vocem,
778 1292 913 1355 dicturus
931 1292 1096 1355 videbatur.
1131 1286 1290 1376 ³‘lamque
1309 1315 1368 1373 rex,

107 1391 227 1453 intuens
247 1408 325 1465 eum,
345 1386 538 1463 Macedones,
560 1386 663 1468 inquit,
686 1388 723 1449 de
744 1397 774 1450 te
797 1389 973 1451 iude'cateui
991 1397 1085 1450 aaut:
1105 1408 1232 1468 paramo,
1252 1412 1298 1452 aa
1313 1411 1368 1471 pa

107 1489 169 1550 trio
186 1504 322 1548 sermone
338 1485 380 1545 sir
400 1483 487 1562 apud
504 1503 553 1544 ees
573 1505 696 1546 usurae.
734 1479 846 1547 ³⁵Tum
858 1485 1000 1564 Philotas,
1023 1488 1153 1548 Praeter
1169 1488 1368 1563 Macedonas,

106 1584 211 1665 inquit,
225 1583 366 1662 plerique
386 1587 504 1656 araret,
532 1600 606 1660 quos
615 1581 767 1663 facilius,
787 1602 866 1661 qaae
885 1583 998 1658 diam,
1007 1590 1206 1662 pereepturos
1226 1584 1368 1661 arbitror,

105 1684 136 1744 ri
156 1681 262 1743 eadem
284 1681 397 1758 leuguu
407 1676 510 1756 fuero
531 1697 614 1754 usus,
634 1699 697 1758 qua
718 1686 755 1739 tu
775 1681 875 1759 epulti,
895 1700 960 1742 nou
980 1677 1017 1740 oh
1037 1679 1137 1753 uliud,
1157 1680 1259 1757 medo,
1279 1701 1368 1759 queam

107 1788 146 1842 ut
161 1780 262 1841 oratio
279 1784 336 1836 tua
358 1774 497 1852 intelligi
509 1781 614 1852 posset
636 1795 658 1835 a
675 1774 831 1854 plumbeo.
871 1773 985 1839 ³⁶'l'um
1015 1796 1085 1852 rex,
1106 1777 1232 1854 Eeqrrffl
1253 1779 1367 1853 ec'deliq

106 1877 182 1939 adeo
195 1876 289 1936 etiam
306 1871 453 1933 sermonis
468 1872 571 1949 patrii
581 1871 738 1933 Philotam
762 1873 903 1937 taedere?
923 1875 1005 1935 solra
1021 1874 1132 1952 que'ppe
1142 1871 1285 1953 fastidit
1302 1896 1368 1936 eam

107 1976 215 2038 dicere.
256 1968 318 2031 Sed
337 1968 423 2030 duat
442 1988 526 2041 saue,
547 1975 704 2049 uterumque
727 1972 758 2030 ei
774 1971 863 2031 cordi
879 1979 932 2048 ert,
952 1971 1026 2033 dum
1046 1971 1258 2048 memineritis,
1279 1992 1368 2052 aeque

106 2074 198 2134 illam
219 2091 240 2130 a
260 2074 364 2128 metro
385 2083 486 2141 more,
510 2085 604 2144 qaam
625 2086 646 2127 a
668 2086 804 2129 semmae
824 2067 993 2131 abhorrere.
1035 2064 1135 2147 Atque
1156 2065 1200 2129 itu
1220 2069 1367 2132 concione

107 2167 247 2232 excessit.

190 2263 359 2324 XXXVll.
394 2255 518 2323 x¹¹Tu1n
532 2260 673 2335 Philotas,
699 2259 801 2337 Verba,
824 2261 928 2341 inquit,
950 2261 1111 2322 innocenti
1119 2262 1256 2341 reperire
1264 2261 1367 2342 facile

106 2370 164 2440 est,
188 2360 317 2451 prodam
339 2358 499 2420 amborum
522 2359 631 2418 mirere
655 2364 756 2418 tenere
774 2357 917 2438 difficile.
960 2353 1090 2436 ²Itaque
1110 2358 1194 2419 iuter
1221 2361 1367 2439 optimam

106 2460 325 2522 reuerentiam
344 2463 374 2516 et
394 2455 619 2535 aequaeuam
629 2453 806 2534 fortunam
826 2455 1005 2530 destitutru,
1022 2457 1150 2533 aguero,
1171 2457 1323 2532 quomodo
1341 2463 1368 2516 et

106 2559 213 2618 auimo
230 2575 296 2616 mec
315 2563 345 2615 et
366 2556 496 2633 ternpori
514 2569 655 2630 paream.
699 2545 811 2612 ³Ahest
836 2551 958 2629 quidem
985 2552 1119 2630 epiricus
1145 2571 1260 2612 caueae
1288 2572 1367 2612 meae

106 2652 220 2716 iudex:
242 2653 364 2730 quicar
381 2672 429 2712 me
443 2652 505 2729 epse
524 2648 636 2710 audire
656 2647 799 2724 uoluerit,
818 2667 891 2725 uere,
910 2647 1087 2723 mehercule,
1106 2650 1256 2726 excogito,
1275 2669 1367 2727 quam

106 2751 158 2814 illi
177 2753 331 2828 utrimque
350 2750 475 2828 cognita
500 2765 594 2807 carcre
617 2751 682 2804 tam
707 2731 858 2805 mutuare
882 2765 930 2805 me
954 2745 1060 2820 liceat,
1088 2763 1183 2823 quam
1207 2743 1367 2819 absoluere,

106 2867 171 2917 uon
186 2849 311 2926 cognitu
332 2865 403 2907 uero
422 2843 550 2906 liberari
565 2841 603 2902 ah
622 2841 743 2903 absente
764 2861 986 2919 neuportum,
1012 2843 1068 2919 qui
1085 2861 1108 2901 a
1128 2849 1295 2920 praesente
1319 2843 1368 2903 du·

106 2952 234 3005 maetas
254 2964 331 3005 sam.
375 2937 458 3002 4Sed
484 2959 669 3020 quamquam
693 2939 793 2999 uincti
811 2938 943 2998 herminis
962 2957 1026 2998 reon
1043 2957 1236 3016 superuacua
1262 2939 1367 3010 solam,

106 3042 160 3102 secl
178 3043 271 3100 etiam
291 3041 392 3099 inuisa
413 3036 551 3116 defhrrsio
569 3045 628 3110 est,
649 3037 706 3112 qui
726 3035 856 3094 iudicem
878 3055 943 3095 uem
962 3035 1066 3095 docere
1085 3034 1226 3108 uidetur,
1249 3036 1306 3097 red
1321 3056 1368 3096 ur-

106 3158 219 3216 guere:
242 3143 354 3207 tamen,
376 3141 532 3210 atcumque
553 3133 626 3191 licet
644 3151 692 3189 me
716 3131 822 3208 dicere,
846 3139 956 3191 memet
975 3133 1037 3210 ipre
1056 3149 1120 3190 uere
1142 3130 1294 3208 deseram,
1317 3154 1368 3194 nec

108 3234 306 3306 committam,
329 3237 368 3289 at
385 3229 553 3290 damnatur
570 3228 664 3286 etium
683 3247 751 3286 mea
770 3229 921 3287 sententia
941 3226 1057 3287 uidear.

196 3323 363 3411 ⁵Equidenr
385 3326 474 3387 cuias
494 3323 635 3385 edmiuir
656 3344 726 3383 reue
752 3325 826 3402 sim,
854 3342 919 3384 acu
943 3322 1038 3384 uideo.
1080 3323 1166 3384 Inter
1191 3325 1368 3386 coniuratos

176 3601 202 3664 6,
220 3602 260 3667 36,
281 3601 321 3653 30.
359 3599 591 3651 Matrimonia.
629 3600 750 3651 Andura:
775 3598 802 3648 iu
827 3597 989 3647 aratrimouio
1013 3613 1033 3646 a.
1050 3613 1082 3656 c,
1109 3597 1160 3647 who
1190 3592 1230 3660 lo,
1254 3595 1297 3659 ln,
1325 3599 1367 3650 11:

110 3672 233 3736 Oepartis
251 3670 333 3736 filium
348 3669 495 3719 mecumiu
523 3666 743 3734 matrimonio
767 3666 872 3716 iuuari.
892 3693 925 3702 -
951 3663 975 3728 6,
995 3661 1037 3728 36,
1058 3661 1099 3714 31.
1126 3661 1300 3729 Arripuit.
1329 3669 1367 3720 F.:

108 3740 209 3805 eripuit.
232 3767 260 3777 -
280 3736 303 3801 6,
323 3735 364 3800 36,
381 3735 421 3788 32.
452 3737 577 3787 luccas.
605 3739 641 3788 Sc
665 3736 706 3798 F.;
730 3737 770 3785 Z.:
797 3749 876 3796 orsus,
896 3734 1011 3785 welches
1035 3733 1097 3784 dem
1121 3731 1369 3800 Zusammeubunga

108 3811 182 3860 nicht
199 3820 374 3872 angemessen
394 3821 427 3856 zu
446 3809 504 3858 rein
523 3806 636 3856 scheint.
677 3805 767 3868 Eiuige
786 3803 886 3853 codd:
904 3801 1048 3866 permissae,
1069 3801 1120 3850 wie
1138 3795 1163 3859 8,
1183 3795 1228 3859 ti,
1248 3799 1328 3854 hbet
1344 3806 1368 3854 Z.

109 3907 140 3914 -
159 3875 293 3926 hiscere
312 3873 470 3925 audebat.
491 3874 585 3924 shiv.
603 3869 627 3934 6,
647 3869 688 3932 16,
706 3869 736 3921 3:
756 3887 803 3920 aec
819 3868 940 3919 adversus
960 3866 1125 3919 dictatoriam
1141 3865 1192 3916 οἱα
1208 3877 1256 3919 aar
1275 3871 1370 3922 tribuat

106 3944 187 4014 plebis
208 3951 254 3994 aut
276 3944 334 4009 ipra
350 3941 420 4008 plebs
439 3939 615 3992 attollere
640 3938 757 3990 oculos
781 3944 839 3987 aut
859 3937 995 3986 hiscere
1011 3932 1191 3986 audebant.

177 4034 200 4100 6,
221 4033 264 4097 36,
284 4033 324 4086 36.
355 4031 479 4084 Eadem
496 4030 548 4080 lia
575 4047 616 4081 aa
654 4032 687 4082 Es
707 4033 744 4081 r'st
761 4030 805 4080 die
822 4026 896 4098 κοινὴ
916 4027 965 4079 der
984 4025 1166 4092 griechischen
1183 4026 1201 4075 S
1221 4026 1305 4078 recha
1320 4042 1369 4092 ge-

110 4107 197 4157 meint.
220 4133 251 4142 -
272 4102 385 4170 apicii.
415 4103 440 4152 S.
457 4098 480 4162 7,
499 4096 525 4159 6,
545 4047 576 4150 lq:
596 4098 655 4149 dum
672 4098 736 4146 haec
754 4094 880 4161 Amyntas
898 4095 983 4161 apit.
1005 4121 1033 4131 —
1068 4089 1092 4156 6,
1111 4089 1153 4157 36,
1173 4038 1369 4145 &Dicere

107 4176 149 4224 Z.:
169 4172 273 4224 ducere.
308 4171 453 4220 Sermonem
476 4167 560 4216 dicere
576 4167 660 4217 heisst
679 4166 757 4226 (nach
776 4165 825 4215 der
840 4165 966 4228 Analogia
984 4176 1038 4213 von
1057 4159 1171 4210 litteram
1187 4158 1289 4228 dicem)
1310 4165 1371 4215 eine

108 4242 232 4291 Mundart
257 4239 397 4303 sprecben.
427 4263 459 4270 -
497 4234 527 4283 ei
547 4232 652 4283 cordi.
683 4233 725 4283 F.:
754 4229 835 4280 cordi.
859 4259 891 4267 -
922 4246 940 4281 ο
966 4236 1083 4280 aestro
1110 4243 1197 4278 more
1228 4245 1324 4295 quam
1354 4247 1371 4281 a

107 4323 272 4358 sermone.
294 4308 335 4356 F.:
353 4321 371 4354 a
387 4309 475 4352 accho
496 4317 566 4351 more
582 4307 659 4366 atque
677 4315 797 4349 ammone.

176 4396 200 4457 6,
218 4396 260 4459 37,
279 4393 304 4444 l.
340 4396 409 4457 (lui.
439 4395 481 4444 F.:
507 4409 581 4458 qaue,
609 4394 652 4441 Z.:
673 4390 741 4456 quta.
778 4393 818 4441 Da
837 4390 885 4440 der
904 4389 1034 4439 ludicativ
1055 4388 1124 4438 nach
1141 4387 1203 4437 dem
1219 4387 1372 4438 Relativum

109 4468 135 4514 iu
155 4467 244 4515 sciucr
264 4463 484 4526 ursprunglicheu
503 4461 659 4523 Bedcutung
683 4460 742 4508 hier
761 4473 828 4522 ganz
847 4469 930 4508 conse
950 4458 1013 4506 uent
1028 4455 1144 4520 gedecht
1162 4453 1274 4505 worden
1288 4454 1371 4516 laun,

109 4546 140 4582 so
160 4532 195 4581 ist
214 4533 258 4582 die
279 4532 422 4593 ucujecrur
444 4530 505 4595 quia
523 4528 691 4591 uberhhssig.
728 4528 816 4590 Vergt.
835 4523 858 4587 7,
877 4521 941 4584 5‚3
975 4523 1045 4574 nach
1062 4522 1111 4575 der
1131 4521 1260 4586 Vulgata:
1283 4523 1371 4573 oui-

107 4612 192 4649 reram
212 4596 380 4647 cruditionem
395 4612 483 4660 meari,
504 4596 547 4647 eui
560 4594 675 4661 forsitan
693 4609 745 4646 acu
759 4590 928 4662 periculosius
946 4597 984 4642 eat
1003 4597 1096 4656 tacere,
1116 4604 1193 4658 quau
1209 4588 1303 4659 dicere
