2820 4964
109 170 174 237 acc
585 167 626 248 Q.
649 166 903 233 cunrnnun

193 337 274 401 XLI.
315 331 441 397 ¹¹³¹Erat
462 335 541 398 inter
564 335 657 400 duces
677 357 768 401 mann
786 344 928 401 strennus
945 335 1048 400 Bolon
1069 336 1200 419 quidam,
1220 338 1310 419 pacis
1330 359 1373 402 ar-

111 440 185 500 tium
207 440 238 497 et
257 433 353 496 civilis
375 432 493 494 habitus
509 432 602 511 rudis,
620 440 708 498 vetus
730 436 826 513 miles,
848 436 886 498 ab
908 434 1012 498 humili
1030 435 1137 499 ordine
1156 435 1197 497 ad
1217 454 1291 497 enm
1311 457 1374 518 grs-

111 534 197 610 dnm,
217 533 248 593 in
270 551 331 612 quo
351 537 423 592 tunc
444 535 527 607 erat,
548 538 721 610 promotus:
767 528 842 614 ²qni
858 530 1027 594 tacentibus
1045 531 1169 609 ceteris,
1191 532 1307 613 stolida
1327 555 1374 596 au·

110 631 197 693 dacia
221 630 325 702 ferox,
354 626 519 689 admonere
542 646 597 688 eos
625 629 743 707 coepit,
774 629 913 710 quotiens
941 629 1003 691 suis
1031 628 1159 710 quisque
1188 629 1372 720 diversoriis,

110 747 187 810 qnae
209 728 424 803 occupassent,
453 723 649 802 proturbatus
670 730 767 801 esset,
789 732 824 787 nt
843 732 1041 806 purgamenta
1059 744 1221 789 servorum
1240 728 1373 791 Philotae

109 824 318 904 reciperentur
336 839 391 895 eo,
409 819 489 880 unde
512 817 731 882 commilitones
757 822 935 902 expulisset.
977 817 1086 884 ³Anro
1112 830 1304 906 argentoque
1327 807 1372 887 ve-

109 919 211 982 hicula
229 918 294 979 eins
316 922 425 978 onusta
443 915 515 977 totis
532 915 608 977 vicis
630 917 763 994 stetisse,
793 939 829 981 ac
852 939 891 981 ne
910 920 941 980 in
961 916 1102 980 viciiriam
1125 920 1251 1000 quidem
1279 920 1370 983 diver-

109 1017 184 1080 sorii
205 1032 382 1096 quemquam
404 1012 641 1075 commilitonum
662 1022 819 1094 receptum
844 1035 919 1092 esse,
940 1015 996 1077 sed
1014 1035 1071 1095 per
1089 1015 1277 1096 dispositos,
1299 1037 1370 1099 qnos

109 1133 203 1194 supra
222 1129 359 1172 somnum
378 1108 521 1184 habebat,
550 1128 655 1171 omnes
681 1111 792 1190 procul
813 1112 982 1192 relegatos,
1011 1133 1050 1175 ne
1077 1113 1189 1176 femina
1213 1113 1268 1176 illa
1299 1135 1370 1176 mur·

108 1207 289 1272 murantium
308 1206 387 1266 inter
409 1224 443 1266 se
464 1205 586 1267 silentio
607 1207 725 1283 verine,
754 1227 843 1289 quam
861 1229 940 1272 sono
969 1209 1160 1274 excitaretur.
1206 1204 1368 1273 ⁴Ludibrio

109 1310 138 1371 ei
158 1305 253 1369 fuisse
274 1301 405 1365 rusticos
435 1302 572 1364 homines
600 1304 794 1385 Phrygasque
815 1312 845 1367 et
865 1306 1074 1387 Paphlagonas
1100 1307 1296 1387 appellatos:
1325 1308 1369 1391 qni

108 1424 171 1468 non
193 1401 403 1474 erubesceret,
424 1400 552 1461 Macedo
574 1406 679 1476 natus,
704 1402 841 1463 homines
863 1402 1078 1483 linguaesuae
1098 1424 1157 1484 per
1177 1403 1368 1485 interpretem

108 1501 224 1574 andire.
265 1493 351 1559 ⁵Cur
369 1498 566 1557 Hammonem
591 1497 709 1559 consuli
730 1498 842 1563 vellet?
874 1500 1012 1562 Eundem
1027 1499 1110 1561 lovis
1130 1501 1271 1580 arguisse
1294 1522 1369 1565 men·

108 1599 235 1674 dacium,
254 1594 460 1656 Alexandrum
482 1593 576 1655 filium
597 1594 806 1673 agnoscentis,
828 1596 945 1658 scilicet
966 1596 1112 1673 veritum,
1133 1616 1174 1659 ne
1192 1597 1368 1661 invidiosum

109 1700 198 1770 esset,
220 1691 303 1773 quod
325 1689 367 1779 dii
390 1690 541 1753 offerrent.
577 1684 700 1771 6Q'uum
722 1691 913 1754 insidiaretur
930 1692 1021 1773 capiti
1040 1693 1123 1773 regis
1143 1699 1176 1755 et
1191 1695 1293 1772 amici,
1314 1714 1368 1758 non

109 1788 297 1855 consuluisse
317 1806 385 1848 enm
405 1788 525 1849 lovem:
548 1806 630 1849 nnnc
649 1787 688 1848 ad
709 1788 864 1850 oraculum
882 1788 1100 1866 willeradum
1120 1796 1209 1870 pater
1229 1792 1297 1855 eius
1315 1791 1368 1855 sol

107 1889 248 1962 licitetnr,
270 1884 321 1965 qui
342 1883 456 1964 praesit
477 1883 507 1943 in
528 1881 641 1961 Media,
661 1889 691 1944 et
711 1884 856 1963 pecunia,
876 1885 963 1947 cuius
984 1888 1125 1949 custodia
1143 1888 1309 1951 commissa
1327 1888 1367 1964 sit,

108 1986 243 2068 perditos
264 1981 400 2043 homines
419 1979 459 2041 ad
482 1979 656 2041 societatem
686 1980 810 2044 sceleris
837 1981 979 2061 impellat.
1024 1980 1130 2064 ⁷lpsos
1158 1984 1309 2048 missuros
1334 1984 1368 2047 ad

109 2082 280 2156 oraculum,
311 2098 372 2140 non
394 2076 447 2159 qui
468 2078 570 2138 lovem
590 2076 790 2157 interrogent,
820 2079 904 2160 quod
922 2099 959 2140 ex
979 2100 1053 2162 rege
1074 2083 1294 2161 cognoverint,
1321 2081 1368 2145 sed

109 2181 160 2264 qui
171 2176 282 2259 gratias
297 2181 395 2253 agant,
418 2174 469 2256 qui
480 2178 552 2235 vota
563 2193 621 2253 pro
634 2173 837 2237 incolumitate
848 2175 930 2256 regis
944 2178 1050 2257 optimi
1060 2179 1249 2258 persolvant.
1274 2174 1368 2243 8Τιιιιι

107 2295 181 2339 vero
203 2273 342 2336 universa
362 2272 471 2333 concio
491 2290 619 2332 accensa
648 2277 695 2332 est
726 2278 756 2334 et
777 2292 795 2333 a
813 2273 953 2352 corporis
981 2275 1160 2339 custodibus
1186 2276 1308 2341 britium
1331 2277 1368 2338 ls-

111 2381 202 2451 ctum,
225 2367 429 2446 clamantibus,
454 2367 687 2449 discerpendum
715 2386 782 2431 esse
805 2370 985 2450 parricidam
1014 2371 1150 2435 manibus
1179 2392 1300 2439 eorum.
1338 2374 1368 2435 ld

176 2624 203 2688 6,
222 2623 265 2686 41,
287 2622 310 2673 1.
347 2617 464 2671 Bolon.
494 2618 640 2672 F.:Bclon.
679 2623 758 2672 Sonsl
780 2622 852 2672 nicht
869 2626 1041 2687 genennt.-
1070 2620 1220 2676 habitus.
1256 2628 1284 2679 S.
1301 2642 1334 2679 zu
1348 2625 1367 2689 3,

108 2694 135 2759 6,
153 2694 177 2748 3,
199 2722 228 2732 -
249 2697 439 2761 promotas,
468 2687 617 2740 besonders
637 2690 663 2738 in
683 2689 732 2739 der
752 2693 860 2753 spatam
880 2690 1004 2741 Latinitat
1022 2704 1076 2742 von
1093 2692 1172 2755 leder
1190 2694 1369 2759 Belbrdcrung

108 2782 142 2820 zu
158 2765 261 2816 behern
285 2760 382 2815 Stallen
409 2757 464 2809 und
481 2757 609 2813 Wdrden.
645 2759 671 2808 S.
694 2758 803 2809 Sueten.
824 2758 933 2822 vespae.
958 2754 1006 2810 16:
1035 2759 1150 2811 creditne
1170 2770 1370 2829 menrasense

107 2833 302 2905 rapacissimam
317 2843 437 2894 quemque
456 2823 500 2876 ad
516 2824 689 2894 ampliora
709 2824 836 2890 officia
853 2842 885 2875 cc
904 2825 1034 2878 iudicaria
1051 2826 1143 2878 solitus
1162 2843 1368 2896 promovere.

175 2922 201 2988 6,
219 2921 259 2985 41,
279 2919 302 2976 2,
336 2918 412 2972 Suis
440 2917 512 2984 quis
543 2933 585 2968 ue.
617 2917 659 2967 F.:
685 2915 797 2982 quisquc.
822 2943 851 2954 -
876 2925 1099 2984 purgamenta
1125 2934 1316 2987 aereorum,
1339 2925 1370 2975 im

107 2996 251 3048 concreten
272 2991 359 3048 Sinna,
381 2988 432 3036 wie
450 2984 475 3046 8,
495 2934 536 3048 16,
552 2983 582 3036 8:
604 2991 690 3034 cetera
712 2983 843 3034 urbiam
861 3000 998 3035 suarum
1014 2996 1253 3053 purgamenta.
1295 2994 1321 3043 s.
1340 3006 1369 3043 zu

106 3059 190 3123 218,
213 3057 301 3109 13.-
332 3052 358 3113 6,
379 3050 422 3112 41,
440 3052 465 3104 3.
501 3052 539 3103 In
558 3052 726 3102 viciniam.
750 3054 790 3104 F.:
815 3053 843 3102 in
860 3053 953 3103 vicina
977 3081 1005 3090 -
1024 3069 1304 3123 seps-ascensiana
1333 3061 1369 3111 P.:

107 3130 142 3181 ad
158 3141 277 3177 somnum.
316 3124 370 3171 Der
389 3122 528 3169 husdruck
554 3123 589 3170 ist
610 3133 659 3169 aus
681 3121 743 3170 dem
769 3121 923 3172 ha'uslichen
943 3120 1033 3173 Leben
1061 3123 1110 3173 der
1127 3124 1227 3175 Rbmer
1255 3128 1368 3179 hervor-

107 3207 251 3263 gegangen‚
276 3190 380 3241 scheint
401 3187 466 3236 eber
485 3200 536 3237 nur
553 3188 602 3237 der
624 3190 733 3249 spatern
752 3189 808 3240 Zeit
833 3190 1031 3255 anzugebbrcn.
1069 3191 1156 3255 Vergl.
1174 3206 1210 3243 zu
1227 3192 1254 3258 6,
1272 3192 1369 3259 3617.

110 3293 138 3303 -
158 3260 288 3328 femine
309 3254 390 3318 illc,
411 3255 462 3304 wie
479 3250 502 3316 3,
520 3251 561 3316 25,
579 3252 618 3306 10.
636 3251 663 3314 8,
679 3250 703 3317 4,
723 3252 765 3305 37.

175 3351 199 3417 6,
218 3348 261 3412 41,
279 3347 303 3400 4.
340 3345 508 3398 Rcsticoe.
540 3346 565 3395 S.
585 3345 611 3395 C.
632 3342 672 3405 10,
695 3343 794 3408 11193,
816 3374 844 3384 -
864 3345 1026 3414 Ρωμ,
1055 3350 1116 3400 Man
1133 3349 1369 3419 meltdiopm-

110 3424 167 3488 gier
184 3424 220 3472 im
242 3418 390 3471 Alterthum
410 3415 453 3466 lbr
471 3415 514 3464 ein
532 3413 612 3464 rohes
630 3413 796 3466 threlsisches
817 3415 891 3478 Volk,
920 3417 1035 3467 welches
1063 3418 1091 3467 in
1107 3418 1259 3472 Kleinasien
1279 3424 1370 3487 einge-

107 3492 230 3543 wandcrt
249 3489 294 3540 sci.
332 3484 402 3534 hber
418 3483 486 3533 auch
506 3483 562 3532 und
580 3481 729 3534 besonders
748 3484 798 3534 mit
815 3484 965 3548 Bcziehung
982 3484 1040 3536 fani
1058 3484 1117 3535 lbre
1137 3487 1223 3538 sitten
1252 3491 1310 3541 und
1333 3491 1370 3540 ihr

94 3560 207 3609 ·Wesen
233 3558 269 3607 ist
301 3554 344 3607 dic
361 3551 534 3614 hnwendung
563 3551 694 3614 gemacht.
734 3551 787 3601 Das
805 3552 971 3614 sprichwort
988 3555 1064 3616 segia
1085 3554 1149 3613 (Cic.
1165 3556 1314 3618 proFlacc
1331 3555 1369 3617 27,

108 3622 165 3689 66);
189 3623 355 3688 Phrygem
370 3618 488 3686 plagis
507 3618 565 3683 ficri
583 3616 665 3666 solere
683 3615 819 3668 meliorem.
837 3646 869 3654 —
887 3617 1135 3686 Paphlagonas.
1167 3623 1194 3672 s.
1214 3622 1319 3677 pinedo
1338 3624 1369 3675 ad

108 3694 198 3757 steph.
222 3693 283 3755 Byz.
301 3705 323 3741 s.
344 3703 370 3738 v.
390 3683 569 3756 Hephaistia:
593 3684 831 3752 Paphlagonas
847 3686 920 3749 [aere
942 3684 1004 3737 olias
1026 3686 1238 3755 impudentia
1264 3700 1291 3743 ct
1314 3707 1370 3743 ssc-

108 3760 219 3834 quista
234 3757 336 3824 samon,
354 3756 452 3807 iniuria
470 3762 494 3804 et
509 3752 673 3821 vilipendium
687 3753 787 3820 penesis
804 3752 914 3805 hmncai.

175 3847 251 3917 641,
263 3848 289 3901 5·
311 3848 384 3901 Gur.
405 3850 431 3897 Z·
448 3847 516 3899 nach
532 3847 614 3910 Cani:
634 3860 765 3895 mmccar.
789 3845 855 3896 Dem
865 3847 1009 3897 Gadanken
1020 3847 1115 3897 wdrde
1130 3846 1196 3899 iasa
1214 3864 1277 3899 cur
1289 3849 1370 3901 um.

106 3938 204 3973 menem
215 3917 315 3974 consuli
327 3914 423 3969 vellet?
444 3915 629 3978 ontsprechen.
641 3940 669 3950 -
684 3910 708 3976 6,
718 3909 794 3974 41,6.
813 3911 979 3964 Sollicite
989 3921 1050 3965 tur.
1069 3915 1110 3965 P.:
1129 3913 1328 3971 sollicitarem,
1340 3946 1368 3956 -

105 3988 244 4056 praesit
260 3989 295 4038 ia
311 3984 429 4036 Medic.
448 3984 578 4034 Wiemen
589 3997 708 4048 praeesse
725 3981 832 4033 absolut
845 3983 872 4031 in
889 3983 939 4033 der
951 3983 1123 4047 Bedeutung:
1141 3984 1194 4035 den
1212 3984 1370 4039 Oberbelebl

108 4061 201 4110 ldhrcn
219 4055 374 4122 gebraucht,
392 4051 529 4103 scinde
546 4052 613 4113 legg.
634 4047 658 4111 3,
676 4048 702 4110 5,
723 4047 769 4099 12:
790 4048 991 4115 magistratibus,
1009 4049 1099 4116 iisque,
1118 4051 1176 4116 qui
1191 4055 1370 4119 praesint,

107 4126 233 4179 conticeri
250 4120 441 4190 rempublicam,
470 4133 501 4170 so
523 4119 592 4168 euch
610 4119 659 4166 mit
675 4118 862 4181 Hinznfflgung
882 4118 932 4168 der
955 4117 1211 4185 Ortsbezeicbnung,
1228 4123 1283 4173 wie
1302 4125 1370 4183 bien

106 4211 129 4246 z.
148 4198 175 4246 Β.
197 4197 250 4245 Cic.
269 4192 369 4243 Verrin.
390 4186 415 4250 2,
434 4185 458 4249 3,
478 4185 521 4247 77,
543 4183 608 4235 180:
634 4201 672 4233 ec
700 4201 737 4234 ec
761 4185 964 4252 provincia,
987 4184 1024 4234 iss
1042 4200 1105 4253 qssa
1123 4192 1160 4236 tas
1185 4189 1371 4241 scisma„

104 4259 306 4331 praefuisti.
340 4258 396 4308 Liv.
414 4253 456 4319 28,
475 4250 518 4314 48,
534 4252 565 4305 5:
592 4251 636 4319 qni
653 4268 688 4301 en
705 4260 810 4318 perte
828 4259 957 4319 praeerat

174 4351 197 4417 6,
219 4350 259 4415 41,
278 4350 303 4401 7.
332 4349 418 4398 Vota
434 4362 497 4413 pro
516 4343 767 4396 incolumitate.
795 4344 867 4394 Nacb
888 4343 937 4395 der
955 4343 1024 4394 Sittc
1041 4343 1091 4395 der
1107 4345 1261 4397 Kaiserzeit.
1285 4346 1369 4411 Vergl.

106 4417 353 4480 Tac.ann.tl,17:
392 4416 445 4464 enti
480 4430 505 4463 cs
522 4428 597 4479 quum
613 4427 675 4477 pro
693 4410 943 4461 incolumitate
959 4410 1136 4477 principis
1153 4419 1235 4462 csta
1251 4416 1370 4465 sesci-

105 4496 232 4555 perent.
255 4515 283 4524 -
310 4483 337 4545 6,
359 4433 400 4540 46.
418 4480 443 4532 8.
469 4481 627 4531 Accensa
646 4487 705 4528 cst.
744 4482 768 4531 S.
789 4480 847 4530 sall.
869 4477 923 4543 lug.
943 4475 987 4539 34,
1010 4476 1040 4529 1;
1059 4477 1195 4529 multitudo
1213 4480 1371 4532 vehementer

107 4571 224 4605 accessa.
244 4559 269 4604 S.
292 4569 325 4604 zu
343 4549 370 4612 4,
388 4549 429 4612 59,
448 4548 490 4599 88.
508 4546 532 4612 8,
551 4545 592 4610 45,
614 4546 654 4599 43.
684 4575 712 4583 -
742 4563 760 4597 a
784 4546 945 4614 corporis
971 4545 1184 4598 custodibus.
1224 4550 1290 4602 liicr
1311 4550 1370 4603 sind

108 4624 177 4675 wohl
195 4623 238 4674 die
256 4618 347 4677 παῖδες
367 4615 495 4686 βασιλικοί
511 4618 635 4682 gemeint.
664 4617 690 4668 S.
707 4630 740 4666 zu
757 4611 781 4678 6,
801 4613 843 4678 31,
862 4612 902 4665 19.
