<?xml version="1.0" encoding="UTF-8"?>
<!DOCTYPE html PUBLIC "-//W3C//DTD XHTML 1.0 Transitional//EN"
    "http://www.w3.org/TR/xhtml1/DTD/xhtml1-transitional.dtd">
<html xmlns="http://www.w3.org/1999/xhtml" xml:lang="en" lang="en">
 <head>
  <title>
</title>
<meta http-equiv="Content-Type" content="text/html;charset=utf-8" />
  <meta name='ocr-system' content='tesseract 3.04.00' />
  <meta name='ocr-capabilities' content='ocr_page ocr_carea ocr_par ocr_line ocrx_word'/>
</head>
<body>
  <div class='ocr_page' id='page_1' title='image "./qcurtiirufidege00mtgoog_0123.png"; bbox 0 0 2820 4964; ppageno 0'>
   <div class='ocr_carea' id='block_1_1' title="bbox 105 181 907 264">
    <p class='ocr_par' dir='ltr' id='par_1_1' title="bbox 105 181 907 264">
     <span class='ocr_line' id='line_1_1' title="bbox 105 181 907 264; baseline -0.014 -11"><span class='ocrx_word' id='word_1_1' title='bbox 105 190 165 253; x_wconf 83' lang='lat' dir='ltr'>nc</span> <span class='ocrx_word' id='word_1_2' title='bbox 568 185 608 264; x_wconf 82' lang='lat' dir='ltr'>q.</span> <span class='ocrx_word' id='word_1_3' title='bbox 648 182 787 246; x_wconf 83' lang='lat' dir='ltr'>cunni</span> <span class='ocrx_word' id='word_1_4' title='bbox 808 181 907 244; x_wconf 78' lang='lat' dir='ltr'>nuri</span> 
     </span>
    </p>
   </div>
   <div class='ocr_carea' id='block_1_2' title="bbox 104 349 1372 2462">
    <p class='ocr_par' dir='ltr' id='par_1_2' title="bbox 104 349 1372 818">
     <span class='ocr_line' id='line_1_2' title="bbox 104 349 1371 428; baseline -0.006 -8"><span class='ocrx_word' id='word_1_5' title='bbox 104 357 266 420; x_wconf 75' lang='lat' dir='ltr'>extendere</span> <span class='ocrx_word' id='word_1_6' title='bbox 290 373 325 414; x_wconf 86' lang='lat' dir='ltr'>ea</span> <span class='ocrx_word' id='word_1_7' title='bbox 348 352 435 428; x_wconf 90' lang='lat' dir='ltr'>iussi,</span> <span class='ocrx_word' id='word_1_8' title='bbox 461 353 501 412; x_wconf 89' lang='lat' dir='ltr'>ita</span> <span class='ocrx_word' id='word_1_9' title='bbox 520 358 553 412; x_wconf 91' lang='lat' dir='ltr'>ut</span> <span class='ocrx_word' id='word_1_10' title='bbox 572 372 628 416; x_wconf 86' lang='lat' dir='ltr'>nec</span> <span class='ocrx_word' id='word_1_11' title='bbox 650 353 953 428; x_wconf 83' lang='lat' dir='ltr'>circumvenirentur,</span> <span class='ocrx_word' id='word_1_12' title='bbox 983 350 1009 412; x_wconf 91' lang='lat' dir='ltr'>si</span> <span class='ocrx_word' id='word_1_13' title='bbox 1030 349 1122 410; x_wconf 89' lang='lat' dir='ltr'>artius</span> <span class='ocrx_word' id='word_1_14' title='bbox 1151 354 1283 426; x_wconf 86' lang='lat' dir='ltr'>starent,</span> <span class='ocrx_word' id='word_1_15' title='bbox 1312 369 1371 413; x_wconf 87' lang='lat' dir='ltr'>nec</span> 
     </span>
     <span class='ocr_line' id='line_1_3' title="bbox 105 444 1372 530; baseline -0.006 -15"><span class='ocrx_word' id='word_1_16' title='bbox 105 464 203 515; x_wconf 89' lang='lat' dir='ltr'>tamen</span> <span class='ocrx_word' id='word_1_17' title='bbox 229 449 361 511; x_wconf 90' lang='lat' dir='ltr'>ultimam</span> <span class='ocrx_word' id='word_1_18' title='bbox 392 448 488 509; x_wconf 90' lang='lat' dir='ltr'>aciem</span> <span class='ocrx_word' id='word_1_19' title='bbox 517 447 709 510; x_wconf 84' lang='lat' dir='ltr'>exinanirent.</span> <span class='ocrx_word' id='word_1_20' title='bbox 744 444 988 530; x_wconf 62' lang='lat' dir='ltr'>ffilmpedimente</span> <span class='ocrx_word' id='word_1_21' title='bbox 1015 467 1083 508; x_wconf 91' lang='lat' dir='ltr'>cum</span> <span class='ocrx_word' id='word_1_22' title='bbox 1114 445 1258 525; x_wconf 78' lang='lat' dir='ltr'>captivis,</span> <span class='ocrx_word' id='word_1_23' title='bbox 1290 447 1372 507; x_wconf 87' lang='lat' dir='ltr'>inter</span> 
     </span>
     <span class='ocr_line' id='line_1_4' title="bbox 106 541 1370 636; baseline -0.007 -23"><span class='ocrx_word' id='word_1_24' title='bbox 106 570 183 632; x_wconf 91' lang='lat' dir='ltr'>quos</span> <span class='ocrx_word' id='word_1_25' title='bbox 205 554 300 609; x_wconf 89' lang='lat' dir='ltr'>mater</span> <span class='ocrx_word' id='word_1_26' title='bbox 322 545 469 626; x_wconf 88' lang='lat' dir='ltr'>liberique</span> <span class='ocrx_word' id='word_1_27' title='bbox 491 545 583 605; x_wconf 88' lang='lat' dir='ltr'>Darei</span> <span class='ocrx_word' id='word_1_28' title='bbox 603 545 864 636; x_wconf 84' lang='lat' dir='ltr'>custodiebantur,</span> <span class='ocrx_word' id='word_1_29' title='bbox 887 545 967 606; x_wconf 91' lang='lat' dir='ltr'>haud</span> <span class='ocrx_word' id='word_1_30' title='bbox 993 542 1102 622; x_wconf 87' lang='lat' dir='ltr'>procul</span> <span class='ocrx_word' id='word_1_31' title='bbox 1131 541 1196 602; x_wconf 89' lang='lat' dir='ltr'>acie</span> <span class='ocrx_word' id='word_1_32' title='bbox 1225 543 1257 602; x_wconf 95' lang='lat' dir='ltr'>in</span> <span class='ocrx_word' id='word_1_33' title='bbox 1285 543 1370 604; x_wconf 93' lang='lat' dir='ltr'>edito</span> 
     </span>
     <span class='ocr_line' id='line_1_5' title="bbox 106 638 1370 720; baseline -0.006 -11"><span class='ocrx_word' id='word_1_34' title='bbox 106 648 183 709; x_wconf 91' lang='lat' dir='ltr'>colle</span> <span class='ocrx_word' id='word_1_35' title='bbox 207 641 376 717; x_wconf 87' lang='lat' dir='ltr'>constituit,</span> <span class='ocrx_word' id='word_1_36' title='bbox 408 641 529 702; x_wconf 91' lang='lat' dir='ltr'>modico</span> <span class='ocrx_word' id='word_1_37' title='bbox 548 642 700 720; x_wconf 88' lang='lat' dir='ltr'>praesidio</span> <span class='ocrx_word' id='word_1_38' title='bbox 719 642 836 704; x_wconf 91' lang='lat' dir='ltr'>relicto.</span> <span class='ocrx_word' id='word_1_39' title='bbox 879 645 1010 703; x_wconf 78' lang='lat' dir='ltr'>Laevum</span> <span class='ocrx_word' id='word_1_40' title='bbox 1040 657 1151 714; x_wconf 92' lang='lat' dir='ltr'>cornu,</span> <span class='ocrx_word' id='word_1_41' title='bbox 1179 638 1259 700; x_wconf 89' lang='lat' dir='ltr'>sicut</span> <span class='ocrx_word' id='word_1_42' title='bbox 1285 639 1370 715; x_wconf 88' lang='lat' dir='ltr'>alias,</span> 
     </span>
     <span class='ocr_line' id='line_1_6' title="bbox 104 738 993 818; baseline -0.009 -12"><span class='ocrx_word' id='word_1_43' title='bbox 104 739 294 806; x_wconf 80' lang='lat' dir='ltr'>Parmenioni</span> <span class='ocrx_word' id='word_1_44' title='bbox 314 738 458 799; x_wconf 90' lang='lat' dir='ltr'>tuendum</span> <span class='ocrx_word' id='word_1_45' title='bbox 479 739 593 799; x_wconf 90' lang='lat' dir='ltr'>datum:</span> <span class='ocrx_word' id='word_1_46' title='bbox 616 738 682 818; x_wconf 88' lang='lat' dir='ltr'>ipse</span> <span class='ocrx_word' id='word_1_47' title='bbox 707 740 738 800; x_wconf 91' lang='lat' dir='ltr'>in</span> <span class='ocrx_word' id='word_1_48' title='bbox 762 740 867 801; x_wconf 87' lang='lat' dir='ltr'>dextro</span> <span class='ocrx_word' id='word_1_49' title='bbox 889 738 993 800; x_wconf 86' lang='lat' dir='ltr'>stabat.</span> 
     </span>
    </p>

    <p class='ocr_par' dir='ltr' id='par_1_3' title="bbox 105 832 1369 1499">
     <span class='ocr_line' id='line_1_7' title="bbox 188 832 1369 916; baseline -0.003 -18"><span class='ocrx_word' id='word_1_50' title='bbox 188 832 216 876; x_wconf 73' lang='lat'>³⁶</span> <span class='ocrx_word' id='word_1_51' title='bbox 228 835 373 898; x_wconf 91' lang='lat' dir='ltr'>Nondum</span> <span class='ocrx_word' id='word_1_52' title='bbox 396 834 434 894; x_wconf 88' lang='lat' dir='ltr'>ad</span> <span class='ocrx_word' id='word_1_53' title='bbox 456 833 567 895; x_wconf 89' lang='lat' dir='ltr'>iactum</span> <span class='ocrx_word' id='word_1_54' title='bbox 584 833 637 894; x_wconf 88' lang='lat' dir='ltr'>teli</span> <span class='ocrx_word' id='word_1_55' title='bbox 656 841 868 914; x_wconf 89' lang='lat' dir='ltr'>pervenerant,</span> <span class='ocrx_word' id='word_1_56' title='bbox 897 854 989 916; x_wconf 92' lang='lat' dir='ltr'>quum</span> <span class='ocrx_word' id='word_1_57' title='bbox 1014 833 1094 895; x_wconf 88' lang='lat' dir='ltr'>Bion</span> <span class='ocrx_word' id='word_1_58' title='bbox 1121 833 1244 914; x_wconf 88' lang='lat' dir='ltr'>quidam</span> <span class='ocrx_word' id='word_1_59' title='bbox 1274 839 1369 895; x_wconf 74' lang='lat' dir='ltr'>trans</span> 
     </span>
     <span class='ocr_line' id='line_1_8' title="bbox 105 929 1368 1016; baseline -0.002 -22"><span class='ocrx_word' id='word_1_60' title='bbox 105 940 190 1016; x_wconf 83' lang='lat' dir='ltr'>luga,</span> <span class='ocrx_word' id='word_1_61' title='bbox 215 939 327 1014; x_wconf 91' lang='lat' dir='ltr'>quanto</span> <span class='ocrx_word' id='word_1_62' title='bbox 347 931 475 991; x_wconf 89' lang='lat' dir='ltr'>maximo</span> <span class='ocrx_word' id='word_1_63' title='bbox 498 950 590 991; x_wconf 91' lang='lat' dir='ltr'>cursu</span> <span class='ocrx_word' id='word_1_64' title='bbox 611 936 760 1009; x_wconf 89' lang='lat' dir='ltr'>potuerat,</span> <span class='ocrx_word' id='word_1_65' title='bbox 782 933 821 992; x_wconf 88' lang='lat' dir='ltr'>ad</span> <span class='ocrx_word' id='word_1_66' title='bbox 841 950 944 1010; x_wconf 82' lang='lat' dir='ltr'>regem</span> <span class='ocrx_word' id='word_1_67' title='bbox 964 929 1119 1010; x_wconf 82' lang='lat' dir='ltr'>pervenit:</span> <span class='ocrx_word' id='word_1_68' title='bbox 1140 933 1283 991; x_wconf 91' lang='lat' dir='ltr'>nuntians</span> <span class='ocrx_word' id='word_1_69' title='bbox 1304 950 1368 992; x_wconf 92' lang='lat' dir='ltr'>mu-</span> 
     </span>
     <span class='ocr_line' id='line_1_9' title="bbox 105 1026 1367 1108; baseline -0.005 -12"><span class='ocrx_word' id='word_1_70' title='bbox 105 1035 183 1095; x_wconf 92' lang='lat' dir='ltr'>rices</span> <span class='ocrx_word' id='word_1_71' title='bbox 208 1033 325 1092; x_wconf 89' lang='lat' dir='ltr'>ferreos</span> <span class='ocrx_word' id='word_1_72' title='bbox 343 1028 372 1087; x_wconf 93' lang='lat' dir='ltr'>in</span> <span class='ocrx_word' id='word_1_73' title='bbox 392 1032 501 1088; x_wconf 83' lang='lat' dir='ltr'>terram</span> <span class='ocrx_word' id='word_1_74' title='bbox 523 1027 675 1090; x_wconf 86' lang='lat' dir='ltr'>defodisse</span> <span class='ocrx_word' id='word_1_75' title='bbox 696 1031 847 1102; x_wconf 84' lang='lat' dir='ltr'>Dareum,</span> <span class='ocrx_word' id='word_1_76' title='bbox 877 1047 934 1106; x_wconf 89' lang='lat' dir='ltr'>qua</span> <span class='ocrx_word' id='word_1_77' title='bbox 962 1027 1079 1088; x_wconf 87' lang='lat' dir='ltr'>hostem</span> <span class='ocrx_word' id='word_1_78' title='bbox 1105 1026 1221 1108; x_wconf 87' lang='lat' dir='ltr'>equites</span> <span class='ocrx_word' id='word_1_79' title='bbox 1242 1027 1367 1089; x_wconf 88' lang='lat' dir='ltr'>emissu-</span> 
     </span>
     <span class='ocr_line' id='line_1_10' title="bbox 106 1120 1367 1205; baseline -0.006 -14"><span class='ocrx_word' id='word_1_80' title='bbox 106 1151 171 1191; x_wconf 90' lang='lat' dir='ltr'>rum</span> <span class='ocrx_word' id='word_1_81' title='bbox 193 1145 261 1188; x_wconf 91' lang='lat' dir='ltr'>esse</span> <span class='ocrx_word' id='word_1_82' title='bbox 284 1124 440 1200; x_wconf 89' lang='lat' dir='ltr'>credebat,</span> <span class='ocrx_word' id='word_1_83' title='bbox 466 1129 659 1205; x_wconf 87' lang='lat' dir='ltr'>notatumque</span> <span class='ocrx_word' id='word_1_84' title='bbox 683 1131 766 1186; x_wconf 91' lang='lat' dir='ltr'>certo</span> <span class='ocrx_word' id='word_1_85' title='bbox 788 1120 885 1204; x_wconf 61' lang='lat' dir='ltr'>signo‘</span> <span class='ocrx_word' id='word_1_86' title='bbox 895 1123 1013 1199; x_wconf 91' lang='lat' dir='ltr'>locum,</span> <span class='ocrx_word' id='word_1_87' title='bbox 1042 1129 1075 1184; x_wconf 95' lang='lat' dir='ltr'>ut</span> <span class='ocrx_word' id='word_1_88' title='bbox 1104 1125 1187 1185; x_wconf 88' lang='lat' dir='ltr'>fraus</span> <span class='ocrx_word' id='word_1_89' title='bbox 1214 1123 1321 1185; x_wconf 85' lang='lat' dir='ltr'>evitari</span> <span class='ocrx_word' id='word_1_90' title='bbox 1351 1145 1367 1184; x_wconf 88' lang='lat' dir='ltr'>a</span> 
     </span>
     <span class='ocr_line' id='line_1_11' title="bbox 105 1215 1366 1304; baseline -0.006 -15"><span class='ocrx_word' id='word_1_91' title='bbox 105 1227 168 1289; x_wconf 86' lang='lat' dir='ltr'>suis</span> <span class='ocrx_word' id='word_1_92' title='bbox 187 1226 299 1304; x_wconf 87' lang='lat' dir='ltr'>posset.</span> <span class='ocrx_word' id='word_1_93' title='bbox 333 1215 359 1259; x_wconf 84' lang='lat'>³⁷</span> <span class='ocrx_word' id='word_1_94' title='bbox 367 1219 527 1282; x_wconf 79' lang='lat' dir='ltr'>Asservari</span> <span class='ocrx_word' id='word_1_95' title='bbox 550 1223 704 1301; x_wconf 88' lang='lat' dir='ltr'>transfuga</span> <span class='ocrx_word' id='word_1_96' title='bbox 726 1222 827 1298; x_wconf 88' lang='lat' dir='ltr'>iusso,</span> <span class='ocrx_word' id='word_1_97' title='bbox 850 1221 942 1281; x_wconf 90' lang='lat' dir='ltr'>duces</span> <span class='ocrx_word' id='word_1_98' title='bbox 962 1227 1128 1282; x_wconf 86' lang='lat' dir='ltr'>convocat:</span> <span class='ocrx_word' id='word_1_99' title='bbox 1156 1220 1366 1303; x_wconf 90' lang='lat' dir='ltr'>expositoque,</span> 
     </span>
     <span class='ocr_line' id='line_1_12' title="bbox 105 1316 1367 1405; baseline -0.006 -20"><span class='ocrx_word' id='word_1_100' title='bbox 105 1322 188 1405; x_wconf 91' lang='lat' dir='ltr'>quod</span> <span class='ocrx_word' id='word_1_101' title='bbox 209 1318 375 1379; x_wconf 89' lang='lat' dir='ltr'>nuntiatum</span> <span class='ocrx_word' id='word_1_102' title='bbox 398 1322 476 1394; x_wconf 90' lang='lat' dir='ltr'>erat,</span> <span class='ocrx_word' id='word_1_103' title='bbox 504 1324 620 1394; x_wconf 88' lang='lat' dir='ltr'>monet,</span> <span class='ocrx_word' id='word_1_104' title='bbox 650 1325 684 1381; x_wconf 93' lang='lat' dir='ltr'>ut</span> <span class='ocrx_word' id='word_1_105' title='bbox 705 1319 859 1400; x_wconf 85' lang='lat' dir='ltr'>regionem</span> <span class='ocrx_word' id='word_1_106' title='bbox 881 1321 1074 1378; x_wconf 83' lang='lat' dir='ltr'>monstratam</span> <span class='ocrx_word' id='word_1_107' title='bbox 1093 1316 1260 1394; x_wconf 88' lang='lat' dir='ltr'>declinent,</span> <span class='ocrx_word' id='word_1_108' title='bbox 1286 1318 1367 1399; x_wconf 91' lang='lat' dir='ltr'>equi-</span> 
     </span>
     <span class='ocr_line' id='line_1_13' title="bbox 105 1414 591 1499; baseline -0.01 -18"><span class='ocrx_word' id='word_1_109' title='bbox 105 1430 226 1499; x_wconf 89' lang='lat' dir='ltr'>temque</span> <span class='ocrx_word' id='word_1_110' title='bbox 247 1414 416 1496; x_wconf 87' lang='lat' dir='ltr'>periculum</span> <span class='ocrx_word' id='word_1_111' title='bbox 437 1415 591 1476; x_wconf 87' lang='lat' dir='ltr'>edoceant</span> 
     </span>
    </p>

    <p class='ocr_par' dir='ltr' id='par_1_4' title="bbox 106 1506 1368 2462">
     <span class='ocr_line' id='line_1_14' title="bbox 188 1506 1366 1621; baseline -0.002 -45"><span class='ocrx_word' id='word_1_112' title='bbox 188 1514 249 1576; x_wconf 89' lang='lat' dir='ltr'>Lll.</span> <span class='ocrx_word' id='word_1_113' title='bbox 281 1506 310 1550; x_wconf 76' lang='lat'>³⁸</span> <span class='ocrx_word' id='word_1_114' title='bbox 302 1513 466 1621; x_wconf 35' lang='grc' dir='ltr'>ί,1311111111</span> <span class='ocrx_word' id='word_1_115' title='bbox 489 1512 657 1595; x_wconf 76' lang='lat' dir='ltr'>hortantem</span> <span class='ocrx_word' id='word_1_116' title='bbox 677 1512 828 1597; x_wconf 75' lang='lat' dir='ltr'>exercitps</span> <span class='ocrx_word' id='word_1_117' title='bbox 857 1510 1000 1573; x_wconf 88' lang='lat' dir='ltr'>exaudire</span> <span class='ocrx_word' id='word_1_118' title='bbox 1026 1529 1087 1571; x_wconf 91' lang='lat' dir='ltr'>nou</span> <span class='ocrx_word' id='word_1_119' title='bbox 1118 1515 1253 1589; x_wconf 87' lang='lat' dir='ltr'>poterat,</span> <span class='ocrx_word' id='word_1_120' title='bbox 1281 1532 1366 1574; x_wconf 91' lang='lat' dir='ltr'>usum</span> 
     </span>
     <span class='ocr_line' id='line_1_15' title="bbox 106 1607 1367 1687; baseline -0.004 -12"><span class='ocrx_word' id='word_1_121' title='bbox 106 1613 222 1677; x_wconf 90' lang='lat' dir='ltr'>aurium</span> <span class='ocrx_word' id='word_1_122' title='bbox 236 1610 444 1687; x_wconf 82' lang='lat' dir='ltr'>intercipiente</span> <span class='ocrx_word' id='word_1_123' title='bbox 457 1607 577 1669; x_wconf 84' lang='lat' dir='ltr'>fremitu</span> <span class='ocrx_word' id='word_1_124' title='bbox 592 1609 721 1670; x_wconf 90' lang='lat' dir='ltr'>duorum</span> <span class='ocrx_word' id='word_1_125' title='bbox 742 1609 900 1687; x_wconf 87' lang='lat' dir='ltr'>agminum,</span> <span class='ocrx_word' id='word_1_126' title='bbox 921 1607 1026 1669; x_wconf 90' lang='lat' dir='ltr'>sedin</span> <span class='ocrx_word' id='word_1_127' title='bbox 1047 1613 1214 1686; x_wconf 88' lang='lat' dir='ltr'>conspectu</span> <span class='ocrx_word' id='word_1_128' title='bbox 1234 1608 1367 1670; x_wconf 90' lang='lat' dir='ltr'>omnium</span> 
     </span>
     <span class='ocr_line' id='line_1_16' title="bbox 107 1701 1367 1785; baseline -0.004 -13"><span class='ocrx_word' id='word_1_129' title='bbox 107 1713 200 1772; x_wconf 89' lang='lat' dir='ltr'>duces</span> <span class='ocrx_word' id='word_1_130' title='bbox 223 1712 252 1766; x_wconf 91' lang='lat' dir='ltr'>et</span> <span class='ocrx_word' id='word_1_131' title='bbox 273 1703 444 1783; x_wconf 89' lang='lat' dir='ltr'>proximum</span> <span class='ocrx_word' id='word_1_132' title='bbox 461 1723 624 1783; x_wconf 89' lang='lat' dir='ltr'>quemque,</span> <span class='ocrx_word' id='word_1_133' title='bbox 647 1705 874 1785; x_wconf 85' lang='lat' dir='ltr'>interequitans,</span> <span class='ocrx_word' id='word_1_134' title='bbox 904 1704 1126 1785; x_wconf 87' lang='lat' dir='ltr'>alloquebatur:</span> <span class='ocrx_word' id='word_1_135' title='bbox 1153 1701 1219 1752; x_wconf 64' lang='lat' dir='ltr'>”ld</span> <span class='ocrx_word' id='word_1_136' title='bbox 1229 1704 1367 1767; x_wconf 85' lang='lat' dir='ltr'>Emensis</span> 
     </span>
     <span class='ocr_line' id='line_1_17' title="bbox 106 1798 1368 1881; baseline -0.005 -13"><span class='ocrx_word' id='word_1_137' title='bbox 106 1812 151 1868; x_wconf 91' lang='lat' dir='ltr'>tot</span> <span class='ocrx_word' id='word_1_138' title='bbox 171 1811 266 1865; x_wconf 89' lang='lat' dir='ltr'>terras</span> <span class='ocrx_word' id='word_1_139' title='bbox 286 1799 317 1859; x_wconf 93' lang='lat' dir='ltr'>in</span> <span class='ocrx_word' id='word_1_140' title='bbox 328 1819 412 1878; x_wconf 91' lang='lat' dir='ltr'>spem</span> <span class='ocrx_word' id='word_1_141' title='bbox 425 1798 577 1875; x_wconf 90' lang='lat' dir='ltr'>victoriae,</span> <span class='ocrx_word' id='word_1_142' title='bbox 603 1800 640 1860; x_wconf 88' lang='lat' dir='ltr'>de</span> <span class='ocrx_word' id='word_1_143' title='bbox 661 1820 720 1880; x_wconf 91' lang='lat' dir='ltr'>qua</span> <span class='ocrx_word' id='word_1_144' title='bbox 740 1800 940 1863; x_wconf 90' lang='lat' dir='ltr'>dimicandum</span> <span class='ocrx_word' id='word_1_145' title='bbox 959 1802 1045 1877; x_wconf 82' lang='lat' dir='ltr'>foret,</span> <span class='ocrx_word' id='word_1_146' title='bbox 1067 1801 1127 1862; x_wconf 91' lang='lat' dir='ltr'>hoc</span> <span class='ocrx_word' id='word_1_147' title='bbox 1147 1821 1242 1863; x_wconf 90' lang='lat' dir='ltr'>uuum</span> <span class='ocrx_word' id='word_1_148' title='bbox 1264 1821 1368 1881; x_wconf 89' lang='lat' dir='ltr'>super-</span> 
     </span>
     <span class='ocr_line' id='line_1_18' title="bbox 106 1895 1366 1979; baseline -0.004 -15"><span class='ocrx_word' id='word_1_149' title='bbox 106 1921 172 1964; x_wconf 86' lang='lat' dir='ltr'>esse</span> <span class='ocrx_word' id='word_1_150' title='bbox 194 1895 362 1959; x_wconf 89' lang='lat' dir='ltr'>disorimen.</span> <span class='ocrx_word' id='word_1_151' title='bbox 404 1895 566 1956; x_wconf 87' lang='lat' dir='ltr'>Granicum</span> <span class='ocrx_word' id='word_1_152' title='bbox 584 1897 634 1958; x_wconf 89' lang='lat' dir='ltr'>hic</span> <span class='ocrx_word' id='word_1_153' title='bbox 659 1917 790 1974; x_wconf 89' lang='lat' dir='ltr'>amnem,</span> <span class='ocrx_word' id='word_1_154' title='bbox 819 1897 1002 1979; x_wconf 82' lang='lat' dir='ltr'>Ciliciaeque</span> <span class='ocrx_word' id='word_1_155' title='bbox 1031 1904 1163 1974; x_wconf 90' lang='lat' dir='ltr'>montes,</span> <span class='ocrx_word' id='word_1_156' title='bbox 1189 1904 1220 1959; x_wconf 90' lang='lat' dir='ltr'>et</span> <span class='ocrx_word' id='word_1_157' title='bbox 1249 1899 1366 1978; x_wconf 87' lang='lat' dir='ltr'>Syriam</span> 
     </span>
     <span class='ocr_line' id='line_1_19' title="bbox 106 1992 1365 2077; baseline -0.002 -18"><span class='ocrx_word' id='word_1_158' title='bbox 106 2000 337 2077; x_wconf 83' lang='lat' dir='ltr'>Aegyptumque</span> <span class='ocrx_word' id='word_1_159' title='bbox 355 1992 568 2072; x_wconf 89' lang='lat' dir='ltr'>praeeuntibus</span> <span class='ocrx_word' id='word_1_160' title='bbox 590 2000 706 2073; x_wconf 89' lang='lat' dir='ltr'>raptas,</span> <span class='ocrx_word' id='word_1_161' title='bbox 732 1993 863 2072; x_wconf 88' lang='lat' dir='ltr'>ingentia</span> <span class='ocrx_word' id='word_1_162' title='bbox 883 1995 949 2074; x_wconf 91' lang='lat' dir='ltr'>spei</span> <span class='ocrx_word' id='word_1_163' title='bbox 970 1993 1145 2076; x_wconf 84' lang='lat' dir='ltr'>gloriaeque</span> <span class='ocrx_word' id='word_1_164' title='bbox 1168 1993 1365 2071; x_wconf 84' lang='lat' dir='ltr'>incitamenta,</span> 
     </span>
     <span class='ocr_line' id='line_1_20' title="bbox 106 2085 1367 2173; baseline -0.002 -18"><span class='ocrx_word' id='word_1_165' title='bbox 106 2094 264 2155; x_wconf 81' lang='lat' dir='ltr'>referebat.</span> <span class='ocrx_word' id='word_1_166' title='bbox 318 2085 553 2168; x_wconf 80' lang='lat' dir='ltr'>2Reprehensos</span> <span class='ocrx_word' id='word_1_167' title='bbox 577 2109 614 2150; x_wconf 92' lang='lat' dir='ltr'>ex</span> <span class='ocrx_word' id='word_1_168' title='bbox 634 2091 705 2169; x_wconf 88' lang='lat' dir='ltr'>fuga</span> <span class='ocrx_word' id='word_1_169' title='bbox 726 2091 834 2153; x_wconf 86' lang='lat' dir='ltr'>Persas</span> <span class='ocrx_word' id='word_1_170' title='bbox 853 2100 1051 2172; x_wconf 61' lang='lat' dir='ltr'>pugnaturos</span> <span class='ocrx_word' id='word_1_171' title='bbox 1084 2092 1154 2173; x_wconf 93' lang='lat' dir='ltr'>quia</span> <span class='ocrx_word' id='word_1_172' title='bbox 1180 2093 1288 2173; x_wconf 79' lang='lat' dir='ltr'>fugere</span> <span class='ocrx_word' id='word_1_173' title='bbox 1305 2109 1367 2153; x_wconf 91' lang='lat' dir='ltr'>non</span> 
     </span>
     <span class='ocr_line' id='line_1_21' title="bbox 106 2176 1366 2270; baseline -0.002 -19"><span class='ocrx_word' id='word_1_174' title='bbox 106 2195 240 2270; x_wconf 88' lang='lat' dir='ltr'>possent.</span> <span class='ocrx_word' id='word_1_175' title='bbox 260 2176 263 2181; x_wconf 62' lang='grc'><strong><em>’</em></strong></span> <span class='ocrx_word' id='word_1_176' title='bbox 284 2184 420 2246; x_wconf 88' lang='lat' dir='ltr'>Tertium</span> <span class='ocrx_word' id='word_1_177' title='bbox 443 2185 501 2246; x_wconf 91' lang='lat' dir='ltr'>iam</span> <span class='ocrx_word' id='word_1_178' title='bbox 524 2185 602 2246; x_wconf 89' lang='lat' dir='ltr'>diem</span> <span class='ocrx_word' id='word_1_179' title='bbox 626 2193 707 2247; x_wconf 90' lang='lat' dir='ltr'>metu</span> <span class='ocrx_word' id='word_1_180' title='bbox 730 2207 913 2269; x_wconf 86' lang='lat' dir='ltr'>exsangues,</span> <span class='ocrx_word' id='word_1_181' title='bbox 942 2189 1033 2250; x_wconf 89' lang='lat' dir='ltr'>armis</span> <span class='ocrx_word' id='word_1_182' title='bbox 1059 2189 1122 2251; x_wconf 88' lang='lat' dir='ltr'>suis</span> <span class='ocrx_word' id='word_1_183' title='bbox 1145 2177 1306 2264; x_wconf 69' lang='lat' dir='ltr'>oneratus,</span> <span class='ocrx_word' id='word_1_184' title='bbox 1337 2188 1366 2249; x_wconf 92' lang='lat' dir='ltr'>in</span> 
     </span>
     <span class='ocr_line' id='line_1_22' title="bbox 107 2264 1367 2364; baseline -0.002 -15"><span class='ocrx_word' id='word_1_185' title='bbox 107 2287 214 2349; x_wconf 86' lang='lat' dir='ltr'>eodem</span> <span class='ocrx_word' id='word_1_186' title='bbox 235 2281 362 2360; x_wconf 90' lang='lat' dir='ltr'>vestigio</span> <span class='ocrx_word' id='word_1_187' title='bbox 385 2264 518 2344; x_wconf 67' lang='lat' dir='ltr'>haerer&#39;e.</span> <span class='ocrx_word' id='word_1_188' title='bbox 562 2283 688 2344; x_wconf 90' lang='lat' dir='ltr'>Nullum</span> <span class='ocrx_word' id='word_1_189' title='bbox 711 2285 928 2364; x_wconf 89' lang='lat' dir='ltr'>desperationis</span> <span class='ocrx_word' id='word_1_190' title='bbox 949 2285 1070 2346; x_wconf 88' lang='lat' dir='ltr'>illorum</span> <span class='ocrx_word' id='word_1_191' title='bbox 1097 2285 1193 2346; x_wconf 88' lang='lat' dir='ltr'>maius</span> <span class='ocrx_word' id='word_1_192' title='bbox 1223 2284 1367 2347; x_wconf 89' lang='lat' dir='ltr'>indicium</span> 
     </span>
     <span class='ocr_line' id='line_1_23' title="bbox 106 2379 1366 2462; baseline -0.001 -17"><span class='ocrx_word' id='word_1_193' title='bbox 106 2403 182 2458; x_wconf 88' lang='lat' dir='ltr'>esse,</span> <span class='ocrx_word' id='word_1_194' title='bbox 208 2400 298 2461; x_wconf 88' lang='lat' dir='ltr'>quam</span> <span class='ocrx_word' id='word_1_195' title='bbox 321 2379 404 2459; x_wconf 93' lang='lat' dir='ltr'>quod</span> <span class='ocrx_word' id='word_1_196' title='bbox 424 2379 523 2455; x_wconf 73' lang='lat' dir='ltr'>urbes</span> <span class='ocrx_word' id='word_1_197' title='bbox 546 2381 628 2460; x_wconf 92' lang='lat' dir='ltr'>quod</span> <span class='ocrx_word' id='word_1_198' title='bbox 647 2400 738 2459; x_wconf 84' lang='lat' dir='ltr'>agros</span> <span class='ocrx_word' id='word_1_199' title='bbox 763 2401 836 2443; x_wconf 90' lang='lat' dir='ltr'>suos</span> <span class='ocrx_word' id='word_1_200' title='bbox 856 2387 985 2458; x_wconf 89' lang='lat' dir='ltr'>urerent,</span> <span class='ocrx_word' id='word_1_201' title='bbox 1017 2381 1161 2462; x_wconf 88' lang='lat' dir='ltr'>quicquid</span> <span class='ocrx_word' id='word_1_202' title='bbox 1179 2400 1242 2443; x_wconf 89' lang='lat' dir='ltr'>non</span> <span class='ocrx_word' id='word_1_203' title='bbox 1261 2400 1366 2444; x_wconf 88' lang='lat' dir='ltr'>corru-</span> 
     </span>
    </p>
   </div>
   <div class='ocr_carea' id='block_1_3' title="bbox 105 2472 1367 2752">
    <p class='ocr_par' dir='ltr' id='par_1_5' title="bbox 105 2472 1367 2752">
     <span class='ocr_line' id='line_1_24' title="bbox 106 2472 1367 2559; baseline -0.002 -18"><span class='ocrx_word' id='word_1_204' title='bbox 106 2481 229 2559; x_wconf 89' lang='lat' dir='ltr'>pissent,</span> <span class='ocrx_word' id='word_1_205' title='bbox 250 2475 381 2537; x_wconf 90' lang='lat' dir='ltr'>hostium</span> <span class='ocrx_word' id='word_1_206' title='bbox 395 2495 460 2537; x_wconf 88' lang='lat' dir='ltr'>esse</span> <span class='ocrx_word' id='word_1_207' title='bbox 482 2475 621 2537; x_wconf 83' lang='lat' dir='ltr'>confessi.</span> <span class='ocrx_word' id='word_1_208' title='bbox 666 2472 819 2538; x_wconf 85' lang='lat' dir='ltr'>³Nomiua</span> <span class='ocrx_word' id='word_1_209' title='bbox 837 2477 929 2539; x_wconf 87' lang='lat' dir='ltr'>modo</span> <span class='ocrx_word' id='word_1_210' title='bbox 950 2496 1027 2538; x_wconf 89' lang='lat' dir='ltr'>vana</span> <span class='ocrx_word' id='word_1_211' title='bbox 1044 2477 1176 2556; x_wconf 86' lang='lat' dir='ltr'>gentium</span> <span class='ocrx_word' id='word_1_212' title='bbox 1198 2479 1367 2558; x_wconf 87' lang='lat' dir='ltr'>ignotarum</span> 
     </span>
     <span class='ocr_line' id='line_1_25' title="bbox 105 2571 1367 2656; baseline 0.002 -20"><span class='ocrx_word' id='word_1_213' title='bbox 105 2595 144 2636; x_wconf 90' lang='lat' dir='ltr'>ne</span> <span class='ocrx_word' id='word_1_214' title='bbox 166 2574 402 2635; x_wconf 85' lang='lat' dir='ltr'>extimescerent.</span> <span class='ocrx_word' id='word_1_215' title='bbox 446 2571 553 2652; x_wconf 90' lang='lat' dir='ltr'>Neque</span> <span class='ocrx_word' id='word_1_216' title='bbox 575 2571 653 2633; x_wconf 88' lang='lat' dir='ltr'>enirn</span> <span class='ocrx_word' id='word_1_217' title='bbox 674 2575 713 2634; x_wconf 86' lang='lat' dir='ltr'>ad</span> <span class='ocrx_word' id='word_1_218' title='bbox 732 2574 805 2636; x_wconf 91' lang='lat' dir='ltr'>belli</span> <span class='ocrx_word' id='word_1_219' title='bbox 827 2573 987 2638; x_wconf 88' lang='lat' dir='ltr'>discrimen</span> <span class='ocrx_word' id='word_1_220' title='bbox 1008 2574 1174 2653; x_wconf 82' lang='lat' dir='ltr'>pertinere,</span> <span class='ocrx_word' id='word_1_221' title='bbox 1196 2575 1249 2656; x_wconf 91' lang='lat' dir='ltr'>qui</span> <span class='ocrx_word' id='word_1_222' title='bbox 1265 2575 1305 2637; x_wconf 87' lang='lat' dir='ltr'>ab</span> <span class='ocrx_word' id='word_1_223' title='bbox 1322 2576 1367 2638; x_wconf 94' lang='lat' dir='ltr'>his</span> 
     </span>
     <span class='ocr_line' id='line_1_26' title="bbox 106 2667 1366 2752; baseline -0.002 -18"><span class='ocrx_word' id='word_1_224' title='bbox 106 2672 246 2752; x_wconf 87' lang='lat' dir='ltr'>Scythae,</span> <span class='ocrx_word' id='word_1_225' title='bbox 266 2668 354 2750; x_wconf 90' lang='lat' dir='ltr'>quive</span> <span class='ocrx_word' id='word_1_226' title='bbox 376 2667 500 2730; x_wconf 87' lang='lat' dir='ltr'>Cadusii</span> <span class='ocrx_word' id='word_1_227' title='bbox 518 2669 749 2748; x_wconf 90' lang='lat' dir='ltr'>appellarentur.</span> <span class='ocrx_word' id='word_1_228' title='bbox 792 2673 841 2733; x_wconf 93' lang='lat' dir='ltr'>Ob</span> <span class='ocrx_word' id='word_1_229' title='bbox 861 2671 892 2732; x_wconf 89' lang='lat' dir='ltr'>id</span> <span class='ocrx_word' id='word_1_230' title='bbox 909 2669 1016 2748; x_wconf 89' lang='lat' dir='ltr'>ipsum,</span> <span class='ocrx_word' id='word_1_231' title='bbox 1039 2671 1122 2752; x_wconf 94' lang='lat' dir='ltr'>quod</span> <span class='ocrx_word' id='word_1_232' title='bbox 1140 2672 1236 2751; x_wconf 88' lang='lat' dir='ltr'>ignoti</span> <span class='ocrx_word' id='word_1_233' title='bbox 1256 2679 1366 2748; x_wconf 87' lang='lat' dir='ltr'>essent,</span> 
     </span>
    </p>
   </div>
   <div class='ocr_carea' id='block_1_4' title="bbox 103 2898 1367 3170">
    <p class='ocr_par' dir='ltr' id='par_1_6' title="bbox 103 2898 1367 3170">
     <span class='ocr_line' id='line_1_27' title="bbox 103 2898 1366 2965; baseline -0.002 -10"><span class='ocrx_word' id='word_1_234' title='bbox 103 2906 158 2955; x_wconf 87' lang='lat' dir='ltr'>ben</span> <span class='ocrx_word' id='word_1_235' title='bbox 176 2903 275 2952; x_wconf 76' lang='lat' dir='ltr'>sache:</span> <span class='ocrx_word' id='word_1_236' title='bbox 291 2907 381 2949; x_wconf 87' lang='lat' dir='ltr'>temere</span> <span class='ocrx_word' id='word_1_237' title='bbox 396 2898 581 2949; x_wconf 79' lang='lat' dir='ltr'>incurrentium</span> <span class='ocrx_word' id='word_1_238' title='bbox 591 2898 640 2949; x_wconf 73' lang='lat' dir='ltr'>iliu</span> <span class='ocrx_word' id='word_1_239' title='bbox 651 2899 829 2965; x_wconf 76' lang='lat' dir='ltr'>suffodiebant.</span> <span class='ocrx_word' id='word_1_240' title='bbox 852 2928 881 2937; x_wconf 95' lang='lat'><em>-</em></span> <span class='ocrx_word' id='word_1_241' title='bbox 904 2899 928 2965; x_wconf 78' lang='lat' dir='ltr'>l,</span> <span class='ocrx_word' id='word_1_242' title='bbox 940 2900 984 2962; x_wconf 86' lang='grc'>51,</span> <span class='ocrx_word' id='word_1_243' title='bbox 998 2899 1039 2953; x_wconf 79' lang='grc'>34.</span> <span class='ocrx_word' id='word_1_244' title='bbox 1060 2901 1228 2953; x_wconf 80' lang='lat' dir='ltr'>Ultimum</span> <span class='ocrx_word' id='word_1_245' title='bbox 1248 2903 1366 2954; x_wconf 76' lang='lat' dir='ltr'>aciem.</span> 
     </span>
     <span class='ocr_line' id='line_1_28' title="bbox 106 2965 1366 3035; baseline 0.003 -16"><span class='ocrx_word' id='word_1_246' title='bbox 106 2975 148 3022; x_wconf 84' lang='lat' dir='ltr'>F.:</span> <span class='ocrx_word' id='word_1_247' title='bbox 172 2969 280 3020; x_wconf 69' lang='lat' dir='ltr'>medium</span> <span class='ocrx_word' id='word_1_248' title='bbox 298 2967 387 3016; x_wconf 81' lang='lat' dir='ltr'>aciem.</span> <span class='ocrx_word' id='word_1_249' title='bbox 409 2992 438 3006; x_wconf 87' lang='lat'>-·</span> <span class='ocrx_word' id='word_1_250' title='bbox 470 2965 497 3027; x_wconf 85' lang='grc'>11,</span> <span class='ocrx_word' id='word_1_251' title='bbox 515 2966 557 3029; x_wconf 87' lang='grc'>51,</span> <span class='ocrx_word' id='word_1_252' title='bbox 578 2966 620 3019; x_wconf 88' lang='grc'>35.</span> <span class='ocrx_word' id='word_1_253' title='bbox 651 2967 752 3019; x_wconf 76' lang='lat' dir='ltr'>Sicut</span> <span class='ocrx_word' id='word_1_254' title='bbox 773 2967 874 3019; x_wconf 80' lang='lat' dir='ltr'>uliae.</span> <span class='ocrx_word' id='word_1_255' title='bbox 905 2971 992 3034; x_wconf 81' lang='lat' dir='ltr'>Vergl.</span> <span class='ocrx_word' id='word_1_256' title='bbox 1013 2968 1037 3032; x_wconf 89' lang='grc'>3,</span> <span class='ocrx_word' id='word_1_257' title='bbox 1056 2966 1100 3031; x_wconf 71' lang='grc'><strong>311,</strong></span> <span class='ocrx_word' id='word_1_258' title='bbox 1119 2966 1144 3022; x_wconf 88' lang='lat'>8.</span> <span class='ocrx_word' id='word_1_259' title='bbox 1164 2997 1192 3008; x_wconf 92' lang='lat'>-</span> <span class='ocrx_word' id='word_1_260' title='bbox 1215 2968 1241 3029; x_wconf 79' lang='grc'>1,</span> <span class='ocrx_word' id='word_1_261' title='bbox 1260 2969 1306 3035; x_wconf 87' lang='grc'>51,</span> <span class='ocrx_word' id='word_1_262' title='bbox 1325 2967 1366 3023; x_wconf 79' lang='grc'>36.</span> 
     </span>
     <span class='ocr_line' id='line_1_29' title="bbox 104 3032 1367 3103; baseline 0.001 -14"><span class='ocrx_word' id='word_1_263' title='bbox 104 3039 240 3088; x_wconf 86' lang='lat' dir='ltr'>laetum</span> <span class='ocrx_word' id='word_1_264' title='bbox 261 3034 334 3082; x_wconf 78' lang='lat' dir='ltr'>teli.</span> <span class='ocrx_word' id='word_1_265' title='bbox 352 3035 396 3082; x_wconf 83' lang='lat' dir='ltr'>F.:</span> <span class='ocrx_word' id='word_1_266' title='bbox 418 3032 463 3081; x_wconf 80' lang='lat' dir='ltr'>tell</span> <span class='ocrx_word' id='word_1_267' title='bbox 481 3035 585 3084; x_wconf 74' lang='lat' dir='ltr'>tactum.</span> <span class='ocrx_word' id='word_1_268' title='bbox 613 3035 698 3099; x_wconf 88' lang='lat' dir='ltr'>Vergl.</span> <span class='ocrx_word' id='word_1_269' title='bbox 715 3034 739 3097; x_wconf 97' lang='grc'>3,</span> <span class='ocrx_word' id='word_1_270' title='bbox 757 3033 799 3099; x_wconf 73' lang='lat'>26,</span> <span class='ocrx_word' id='word_1_271' title='bbox 820 3035 851 3086; x_wconf 87' lang='lat'>1:</span> <span class='ocrx_word' id='word_1_272' title='bbox 870 3037 906 3086; x_wconf 87' lang='lat' dir='ltr'>od</span> <span class='ocrx_word' id='word_1_273' title='bbox 925 3036 970 3087; x_wconf 78' lang='lat' dir='ltr'>teli</span> <span class='ocrx_word' id='word_1_274' title='bbox 986 3038 1092 3090; x_wconf 77' lang='lat' dir='ltr'>luctum.</span> <span class='ocrx_word' id='word_1_275' title='bbox 1112 3036 1136 3100; x_wconf 81' lang='grc'>1,</span> <span class='ocrx_word' id='word_1_276' title='bbox 1156 3037 1196 3100; x_wconf 95' lang='grc'>11,</span> <span class='ocrx_word' id='word_1_277' title='bbox 1215 3036 1258 3090; x_wconf 70' lang='grc'>13.</span> <span class='ocrx_word' id='word_1_278' title='bbox 1279 3037 1305 3103; x_wconf 87' lang='grc'>5,</span> <span class='ocrx_word' id='word_1_279' title='bbox 1326 3038 1367 3102; x_wconf 93' lang='grc'>10,</span> 
     </span>
     <span class='ocr_line' id='line_1_30' title="bbox 105 3099 1367 3170; baseline 0 -15"><span class='ocrx_word' id='word_1_280' title='bbox 105 3105 130 3155; x_wconf 88' lang='lat'>7.</span> <span class='ocrx_word' id='word_1_281' title='bbox 152 3102 218 3166; x_wconf 84' lang='lat'>6,1‚</span> <span class='ocrx_word' id='word_1_282' title='bbox 240 3099 290 3151; x_wconf 88' lang='lat'>10:</span> <span class='ocrx_word' id='word_1_283' title='bbox 317 3107 394 3148; x_wconf 73' lang='lat' dir='ltr'>extra</span> <span class='ocrx_word' id='word_1_284' title='bbox 422 3099 637 3151; x_wconf 63' lang='grc'><strong>1111111111.-</strong></span> <span class='ocrx_word' id='word_1_285' title='bbox 663 3103 819 3152; x_wconf 76' lang='lat' dir='ltr'>murices.</span> <span class='ocrx_word' id='word_1_286' title='bbox 860 3107 885 3155; x_wconf 89' lang='lat' dir='ltr'>S.</span> <span class='ocrx_word' id='word_1_287' title='bbox 907 3108 999 3170; x_wconf 78' lang='lat' dir='ltr'>Vegel.</span> <span class='ocrx_word' id='word_1_288' title='bbox 1023 3102 1048 3168; x_wconf 89' lang='grc'>3,</span> <span class='ocrx_word' id='word_1_289' title='bbox 1066 3103 1115 3157; x_wconf 73' lang='grc' dir='ltr'><strong>011ῑ</strong></span> <span class='ocrx_word' id='word_1_290' title='bbox 1145 3102 1304 3157; x_wconf 72' lang='lat' dir='ltr'>&#39;tribulus</span> <span class='ocrx_word' id='word_1_291' title='bbox 1330 3115 1367 3157; x_wconf 78' lang='lat' dir='ltr'>ert</span> 
     </span>
    </p>
   </div>
   <div class='ocr_carea' id='block_1_5' title="bbox 104 3166 1367 3302">
    <p class='ocr_par' dir='ltr' id='par_1_7' title="bbox 104 3166 1367 3302">
     <span class='ocr_line' id='line_1_31' title="bbox 106 3166 1367 3239; baseline -0.002 -14"><span class='ocrx_word' id='word_1_292' title='bbox 106 3178 228 3239; x_wconf 76' lang='lat' dir='ltr'>quattuor</span> <span class='ocrx_word' id='word_1_293' title='bbox 245 3167 315 3236; x_wconf 69' lang='lat' dir='ltr'>palis</span> <span class='ocrx_word' id='word_1_294' title='bbox 335 3167 462 3230; x_wconf 61' lang='lat' dir='ltr'>confixum</span> <span class='ocrx_word' id='word_1_295' title='bbox 480 3166 708 3234; x_wconf 74' lang='lat' dir='ltr'>propugnaculum,</span> <span class='ocrx_word' id='word_1_296' title='bbox 729 3170 803 3235; x_wconf 84' lang='lat' dir='ltr'>quod,</span> <span class='ocrx_word' id='word_1_297' title='bbox 823 3173 944 3238; x_wconf 80' lang='lat' dir='ltr'>quomodo</span> <span class='ocrx_word' id='word_1_298' title='bbox 963 3171 1093 3238; x_wconf 72' lang='lat' dir='ltr'>abiecerit,</span> <span class='ocrx_word' id='word_1_299' title='bbox 1115 3172 1195 3225; x_wconf 64' lang='lat' dir='ltr'>triduo</span> <span class='ocrx_word' id='word_1_300' title='bbox 1212 3173 1297 3225; x_wconf 77' lang='lat' dir='ltr'>rudeis</span> <span class='ocrx_word' id='word_1_301' title='bbox 1314 3182 1367 3224; x_wconf 76' lang='lat' dir='ltr'>stat</span> 
     </span>
     <span class='ocr_line' id='line_1_32' title="bbox 104 3234 540 3302; baseline -0.016 -12"><span class='ocrx_word' id='word_1_302' title='bbox 104 3248 128 3290; x_wconf 92' lang='lat' dir='ltr'>et</span> <span class='ocrx_word' id='word_1_303' title='bbox 146 3244 230 3289; x_wconf 89' lang='lat' dir='ltr'>erecto</span> <span class='ocrx_word' id='word_1_304' title='bbox 251 3241 342 3302; x_wconf 84' lang='lat' dir='ltr'>quarto</span> <span class='ocrx_word' id='word_1_305' title='bbox 357 3234 477 3297; x_wconf 73' lang='lat' dir='ltr'>infestum</span> <span class='ocrx_word' id='word_1_306' title='bbox 495 3242 540 3284; x_wconf 83' lang='lat' dir='ltr'>cst.</span> 
     </span>
    </p>
   </div>
   <div class='ocr_carea' id='block_1_6' title="bbox 105 3324 1367 3447">
    <p class='ocr_par' dir='ltr' id='par_1_8' title="bbox 105 3324 1367 3447">
     <span class='ocr_line' id='line_1_33' title="bbox 105 3324 1367 3446; baseline 0.006 -70"><span class='ocrx_word' id='word_1_307' title='bbox 105 3406 115 3446; x_wconf 87' lang='lat' dir='ltr'>t</span> <span class='ocrx_word' id='word_1_308' title='bbox 152 3324 196 3444; x_wconf 49' lang='lat' dir='ltr'>tA&#39;</span> <span class='ocrx_word' id='word_1_309' title='bbox 215 3324 316 3391; x_wconf 63' lang='grc'><strong>51138.</strong></span> <span class='ocrx_word' id='word_1_310' title='bbox 354 3324 569 3388; x_wconf 71' lang='lat' dir='ltr'>hortantem,</span> <span class='ocrx_word' id='word_1_311' title='bbox 596 3329 743 3391; x_wconf 80' lang='lat' dir='ltr'>gldckliche</span> <span class='ocrx_word' id='word_1_312' title='bbox 764 3329 874 3381; x_wconf 86' lang='lat' dir='ltr'>Emend.</span> <span class='ocrx_word' id='word_1_313' title='bbox 900 3346 925 3386; x_wconf 86' lang='lat' dir='ltr'>v.</span> <span class='ocrx_word' id='word_1_314' title='bbox 945 3334 970 3383; x_wconf 87' lang='lat' dir='ltr'>Z.</span> <span class='ocrx_word' id='word_1_315' title='bbox 991 3336 1024 3384; x_wconf 89' lang='lat' dir='ltr'>st.</span> <span class='ocrx_word' id='word_1_316' title='bbox 1044 3332 1213 3383; x_wconf 76' lang='lat' dir='ltr'>tantundem</span> <span class='ocrx_word' id='word_1_317' title='bbox 1233 3335 1367 3388; x_wconf 78' lang='lat' dir='ltr'>oderloc</span> 
     </span>
     <span class='ocr_line' id='line_1_34' title="bbox 116 3413 198 3447; baseline -0.012 0"><span class='ocrx_word' id='word_1_318' title='bbox 116 3413 151 3447; x_wconf 75' lang='lat' dir='ltr'>att</span> <span class='ocrx_word' id='word_1_319' title='bbox 161 3413 198 3446; x_wconf 83' lang='lat' dir='ltr'>us.</span> 
     </span>
    </p>
   </div>
   <div class='ocr_carea' id='block_1_7' title="bbox 100 3484 1373 3756">
    <p class='ocr_par' dir='ltr' id='par_1_9' title="bbox 100 3484 1373 3756">
     <span class='ocr_line' id='line_1_35' title="bbox 172 3484 1367 3555; baseline 0.005 -19"><span class='ocrx_word' id='word_1_320' title='bbox 172 3484 299 3548; x_wconf 65' lang='grc'><strong>1511.</strong></span> <span class='ocrx_word' id='word_1_321' title='bbox 340 3484 600 3536; x_wconf 83' lang='lat' dir='ltr'>Prneeuntihns.</span> <span class='ocrx_word' id='word_1_322' title='bbox 634 3488 755 3540; x_wconf 72' lang='lat' dir='ltr'>ludere:</span> <span class='ocrx_word' id='word_1_323' title='bbox 783 3489 1013 3555; x_wconf 76' lang='lat' dir='ltr'>praetereuntibus.</span> <span class='ocrx_word' id='word_1_324' title='bbox 1054 3493 1098 3543; x_wconf 83' lang='lat' dir='ltr'>on</span> <span class='ocrx_word' id='word_1_325' title='bbox 1123 3493 1217 3544; x_wconf 81' lang='lat' dir='ltr'>slehen</span> <span class='ocrx_word' id='word_1_326' title='bbox 1245 3494 1367 3545; x_wconf 73' lang='lat' dir='ltr'>(demit</span> 
     </span>
     <span class='ocr_line' id='line_1_36' title="bbox 100 3555 1373 3626; baseline 0.004 -22"><span class='ocrx_word' id='word_1_327' title='bbox 100 3570 189 3624; x_wconf 78' lang='lat' dir='ltr'>prae</span> <span class='ocrx_word' id='word_1_328' title='bbox 208 3557 500 3616; x_wconf 84' lang='lat' dir='ltr'>zusammengesetzten</span> <span class='ocrx_word' id='word_1_329' title='bbox 521 3555 610 3606; x_wconf 87' lang='lat' dir='ltr'>Verba</span> <span class='ocrx_word' id='word_1_330' title='bbox 629 3556 771 3607; x_wconf 86' lang='lat' dir='ltr'>scheinbar</span> <span class='ocrx_word' id='word_1_331' title='bbox 793 3559 860 3607; x_wconf 85' lang='lat' dir='ltr'>statt</span> <span class='ocrx_word' id='word_1_332' title='bbox 878 3558 927 3608; x_wconf 88' lang='lat' dir='ltr'>der</span> <span class='ocrx_word' id='word_1_333' title='bbox 943 3561 992 3609; x_wconf 86' lang='lat' dir='ltr'>mit</span> <span class='ocrx_word' id='word_1_334' title='bbox 1005 3566 1113 3626; x_wconf 77' lang='lat' dir='ltr'>promer</span> <span class='ocrx_word' id='word_1_335' title='bbox 1136 3560 1305 3623; x_wconf 80' lang='lat' dir='ltr'>gebildeten3</span> <span class='ocrx_word' id='word_1_336' title='bbox 1334 3575 1373 3613; x_wconf 53' lang='lat' dir='ltr'>so¹</span> 
     </span>
     <span class='ocr_line' id='line_1_37' title="bbox 101 3619 1364 3693; baseline 0.005 -21"><span class='ocrx_word' id='word_1_337' title='bbox 101 3622 239 3689; x_wconf 74' lang='lat' dir='ltr'>praeferri,</span> <span class='ocrx_word' id='word_1_338' title='bbox 264 3619 415 3688; x_wconf 72' lang='lat' dir='ltr'>praepetere,</span> <span class='ocrx_word' id='word_1_339' title='bbox 434 3622 582 3688; x_wconf 77' lang='lat' dir='ltr'>praegredi,</span> <span class='ocrx_word' id='word_1_340' title='bbox 604 3621 732 3690; x_wconf 79' lang='lat' dir='ltr'>pruelcll,</span> <span class='ocrx_word' id='word_1_341' title='bbox 759 3625 955 3690; x_wconf 80' lang='lat' dir='ltr'>pruanunipure,</span> <span class='ocrx_word' id='word_1_342' title='bbox 978 3626 1101 3693; x_wconf 77' lang='lat' dir='ltr'>praevehi</span> <span class='ocrx_word' id='word_1_343' title='bbox 1126 3642 1151 3678; x_wconf 88' lang='lat' dir='ltr'>u.</span> <span class='ocrx_word' id='word_1_344' title='bbox 1171 3641 1205 3689; x_wconf 73' lang='grc'>1.,</span> <span class='ocrx_word' id='word_1_345' title='bbox 1230 3628 1258 3678; x_wconf 86' lang='lat' dir='ltr'>ln</span> <span class='ocrx_word' id='word_1_346' title='bbox 1281 3629 1364 3680; x_wconf 82' lang='lat' dir='ltr'>deren</span> 
     </span>
     <span class='ocr_line' id='line_1_38' title="bbox 104 3689 1052 3756; baseline 0.001 -14"><span class='ocrx_word' id='word_1_347' title='bbox 104 3689 297 3747; x_wconf 80' lang='lat' dir='ltr'>Stammverbis</span> <span class='ocrx_word' id='word_1_348' title='bbox 315 3689 364 3740; x_wconf 87' lang='lat' dir='ltr'>der</span> <span class='ocrx_word' id='word_1_349' title='bbox 383 3690 481 3752; x_wconf 73' lang='lat' dir='ltr'>negem</span> <span class='ocrx_word' id='word_1_350' title='bbox 496 3693 545 3742; x_wconf 88' lang='lat' dir='ltr'>der</span> <span class='ocrx_word' id='word_1_351' title='bbox 563 3692 713 3756; x_wconf 82' lang='lat' dir='ltr'>Bewegung</span> <span class='ocrx_word' id='word_1_352' title='bbox 732 3691 833 3742; x_wconf 85' lang='lat' dir='ltr'>bereits</span> <span class='ocrx_word' id='word_1_353' title='bbox 854 3694 988 3744; x_wconf 87' lang='lat' dir='ltr'>euthalten</span> <span class='ocrx_word' id='word_1_354' title='bbox 1008 3696 1052 3746; x_wconf 89' lang='lat' dir='ltr'>ist.</span> 
     </span>
    </p>
   </div>
   <div class='ocr_carea' id='block_1_8' title="bbox 97 3776 1365 4392">
    <p class='ocr_par' dir='ltr' id='par_1_10' title="bbox 97 3776 1365 4392">
     <span class='ocr_line' id='line_1_39' title="bbox 171 3776 1364 3855; baseline 0.006 -25"><span class='ocrx_word' id='word_1_355' title='bbox 171 3776 198 3842; x_wconf 72' lang='grc'>11,</span> <span class='ocrx_word' id='word_1_356' title='bbox 217 3779 257 3842; x_wconf 73' lang='lat'>52,</span> <span class='ocrx_word' id='word_1_357' title='bbox 277 3778 301 3832; x_wconf 74' lang='grc'>0.</span> <span class='ocrx_word' id='word_1_358' title='bbox 337 3780 380 3830; x_wconf 82' lang='lat' dir='ltr'>lte</span> <span class='ocrx_word' id='word_1_359' title='bbox 409 3781 582 3831; x_wconf 79' lang='lat' dir='ltr'>rehensos.</span> <span class='ocrx_word' id='word_1_360' title='bbox 602 3785 628 3833; x_wconf 89' lang='lat' dir='ltr'>S.</span> <span class='ocrx_word' id='word_1_361' title='bbox 649 3783 808 3845; x_wconf 74' lang='lat' dir='ltr'>Taohgric.</span> <span class='ocrx_word' id='word_1_362' title='bbox 828 3780 877 3835; x_wconf 74' lang='lat' dir='ltr'>at:</span> <span class='ocrx_word' id='word_1_363' title='bbox 898 3785 1019 3835; x_wconf 79' lang='lat' dir='ltr'>acerrimi</span> <span class='ocrx_word' id='word_1_364' title='bbox 1029 3784 1216 3836; x_wconf 71' lang='lat' dir='ltr'>antenorem</span> <span class='ocrx_word' id='word_1_365' title='bbox 1233 3785 1288 3837; x_wconf 67' lang='lat' dir='ltr'>ium</span> <span class='ocrx_word' id='word_1_366' title='bbox 1303 3787 1364 3855; x_wconf 75' lang='lat' dir='ltr'>pri·</span> 
     </span>
     <span class='ocr_line' id='line_1_40' title="bbox 102 3798 1365 3919; baseline 0.004 -19"><span class='ocrx_word' id='word_1_367' title='bbox 102 3850 157 3900; x_wconf 88' lang='lat' dir='ltr'>dem</span> <span class='ocrx_word' id='word_1_368' title='bbox 177 3849 336 3900; x_wconf 73' lang='lat' dir='ltr'>cendemna-</span> <span class='ocrx_word' id='word_1_369' title='bbox 354 3798 466 3916; x_wconf 63' lang='lat' dir='ltr'>reliquue</span> <span class='ocrx_word' id='word_1_370' title='bbox 485 3857 522 3899; x_wconf 83' lang='lat' dir='ltr'>eet</span> <span class='ocrx_word' id='word_1_371' title='bbox 539 3866 657 3900; x_wconf 84' lang='lat' dir='ltr'>numerus</span> <span class='ocrx_word' id='word_1_372' title='bbox 673 3849 824 3916; x_wconf 73' lang='lat' dir='ltr'>ignavorum</span> <span class='ocrx_word' id='word_1_373' title='bbox 843 3858 868 3900; x_wconf 92' lang='lat' dir='ltr'>et</span> <span class='ocrx_word' id='word_1_374' title='bbox 884 3853 1053 3915; x_wconf 78' lang='lat' dir='ltr'>metuentium,</span> <span class='ocrx_word' id='word_1_375' title='bbox 1080 3867 1143 3919; x_wconf 77' lang='lat' dir='ltr'>punt</span> <span class='ocrx_word' id='word_1_376' title='bbox 1171 3852 1242 3919; x_wconf 73' lang='lat' dir='ltr'>quod</span> <span class='ocrx_word' id='word_1_377' title='bbox 1263 3854 1365 3907; x_wconf 69' lang='lat' dir='ltr'>uuum</span> 
     </span>
     <span class='ocr_line' id='line_1_41' title="bbox 101 3917 1365 3984; baseline 0.005 -15"><span class='ocrx_word' id='word_1_378' title='bbox 101 3918 246 3980; x_wconf 73' lang='lat' dir='ltr'>inuenietis,</span> <span class='ocrx_word' id='word_1_379' title='bbox 274 3932 325 3967; x_wconf 89' lang='lat' dir='ltr'>non</span> <span class='ocrx_word' id='word_1_380' title='bbox 351 3917 513 3982; x_wconf 75' lang='lat' dir='ltr'>restiterunt,</span> <span class='ocrx_word' id='word_1_381' title='bbox 543 3919 588 3967; x_wconf 82' lang='lat' dir='ltr'>sed</span> <span class='ocrx_word' id='word_1_382' title='bbox 611 3917 820 3984; x_wconf 78' lang='lat' dir='ltr'>deprehensi</span> <span class='ocrx_word' id='word_1_383' title='bbox 841 3925 911 3969; x_wconf 74' lang='lat' dir='ltr'>sunt·</span> <span class='ocrx_word' id='word_1_384' title='bbox 946 3921 1019 3972; x_wconf 83' lang='grc'><strong>011111</strong></span> <span class='ocrx_word' id='word_1_385' title='bbox 1045 3921 1236 3973; x_wconf 83' lang='lat' dir='ltr'>weseutlicheu</span> <span class='ocrx_word' id='word_1_386' title='bbox 1263 3923 1365 3975; x_wconf 79' lang='grc'><strong>011111-</strong></span> 
     </span>
     <span class='ocr_line' id='line_1_42' title="bbox 100 3984 1365 4057; baseline 0.004 -18"><span class='ocrx_word' id='word_1_387' title='bbox 100 3989 198 4039; x_wconf 87' lang='lat' dir='ltr'>schied.</span> <span class='ocrx_word' id='word_1_388' title='bbox 232 3988 308 4036; x_wconf 87' lang='lat' dir='ltr'>Denn</span> <span class='ocrx_word' id='word_1_389' title='bbox 332 3984 514 4052; x_wconf 79' lang='lat' dir='ltr'>deprehendere</span> <span class='ocrx_word' id='word_1_390' title='bbox 541 3988 639 4038; x_wconf 87' lang='lat' dir='ltr'>heisst:</span> <span class='ocrx_word' id='word_1_391' title='bbox 666 3987 779 4038; x_wconf 75' lang='lat' dir='ltr'>demand</span> <span class='ocrx_word' id='word_1_392' title='bbox 803 3990 941 4050; x_wconf 80' lang='lat' dir='ltr'>anpaclrcn</span> <span class='ocrx_word' id='word_1_393' title='bbox 968 3990 1022 4041; x_wconf 90' lang='lat' dir='ltr'>uod</span> <span class='ocrx_word' id='word_1_394' title='bbox 1051 4003 1105 4040; x_wconf 88' lang='lat' dir='ltr'>von</span> <span class='ocrx_word' id='word_1_395' title='bbox 1130 3989 1178 4041; x_wconf 85' lang='lat' dir='ltr'>der</span> <span class='ocrx_word' id='word_1_396' title='bbox 1203 3990 1365 4057; x_wconf 79' lang='lat' dir='ltr'>Verlolgung</span> 
     </span>
     <span class='ocr_line' id='line_1_43' title="bbox 100 4053 1362 4170; baseline 0.002 -62"><span class='ocrx_word' id='word_1_397' title='bbox 100 4058 188 4108; x_wconf 89' lang='lat' dir='ltr'>seines</span> <span class='ocrx_word' id='word_1_398' title='bbox 205 4056 302 4118; x_wconf 86' lang='lat' dir='ltr'>Wegcs</span> <span class='ocrx_word' id='word_1_399' title='bbox 322 4053 463 4113; x_wconf 83' lang='lat' dir='ltr'>abzieheo;</span> <span class='ocrx_word' id='word_1_400' title='bbox 481 4053 664 4170; x_wconf 70' lang='lat' dir='ltr'>reprehendere</span> <span class='ocrx_word' id='word_1_401' title='bbox 681 4055 795 4105; x_wconf 85' lang='lat' dir='ltr'>lemaod</span> <span class='ocrx_word' id='word_1_402' title='bbox 814 4057 944 4119; x_wconf 81' lang='lat' dir='ltr'>ergroilen</span> <span class='ocrx_word' id='word_1_403' title='bbox 962 4058 1016 4108; x_wconf 88' lang='lat' dir='ltr'>und</span> <span class='ocrx_word' id='word_1_404' title='bbox 1035 4058 1185 4109; x_wconf 79' lang='lat' dir='ltr'>rdckwttrte</span> <span class='ocrx_word' id='word_1_405' title='bbox 1209 4058 1312 4110; x_wconf 79' lang='lat' dir='ltr'>zielten.</span> <span class='ocrx_word' id='word_1_406' title='bbox 1333 4085 1362 4096; x_wconf 98' lang='lat'>—</span> 
     </span>
     <span class='ocr_line' id='line_1_44' title="bbox 99 4119 1363 4189; baseline 0.005 -17"><span class='ocrx_word' id='word_1_407' title='bbox 99 4130 184 4172; x_wconf 90' lang='lat' dir='ltr'>metu</span> <span class='ocrx_word' id='word_1_408' title='bbox 208 4137 409 4186; x_wconf 75' lang='lat' dir='ltr'>eesnnpues,</span> <span class='ocrx_word' id='word_1_409' title='bbox 434 4123 485 4171; x_wconf 86' lang='lat' dir='ltr'>wie</span> <span class='ocrx_word' id='word_1_410' title='bbox 528 4119 805 4185; x_wconf 63' lang='grc'><strong>,11111111</strong></span> <span class='ocrx_word' id='word_1_411' title='bbox 844 4123 1363 4189; x_wconf 70' lang='grc'><strong>01111111111111111112111111111,</strong></span> 
     </span>
     <span class='ocr_line' id='line_1_45' title="bbox 99 4188 1364 4254; baseline 0.003 -13"><span class='ocrx_word' id='word_1_412' title='bbox 99 4192 199 4242; x_wconf 87' lang='lat' dir='ltr'>welche</span> <span class='ocrx_word' id='word_1_413' title='bbox 215 4191 267 4240; x_wconf 87' lang='lat' dir='ltr'>den</span> <span class='ocrx_word' id='word_1_414' title='bbox 282 4191 384 4252; x_wconf 85' lang='lat' dir='ltr'>Korper</span> <span class='ocrx_word' id='word_1_415' title='bbox 403 4190 550 4241; x_wconf 81' lang='lat' dir='ltr'>entkralten</span> <span class='ocrx_word' id='word_1_416' title='bbox 568 4192 624 4243; x_wconf 89' lang='lat' dir='ltr'>und</span> <span class='ocrx_word' id='word_1_417' title='bbox 642 4191 727 4241; x_wconf 85' lang='lat' dir='ltr'>bleich</span> <span class='ocrx_word' id='word_1_418' title='bbox 746 4191 903 4242; x_wconf 87' lang='lat' dir='ltr'>erscheinen</span> <span class='ocrx_word' id='word_1_419' title='bbox 921 4191 1026 4252; x_wconf 68' lang='lat' dir='ltr'>lassum</span> <span class='ocrx_word' id='word_1_420' title='bbox 1055 4204 1077 4242; x_wconf 86' lang='lat' dir='ltr'>a.</span> <span class='ocrx_word' id='word_1_421' title='bbox 1096 4189 1122 4251; x_wconf 88' lang='lat'>9,</span> <span class='ocrx_word' id='word_1_422' title='bbox 1145 4188 1185 4254; x_wconf 80' lang='lat' dir='ltr'>ta,</span> <span class='ocrx_word' id='word_1_423' title='bbox 1201 4190 1234 4244; x_wconf 77' lang='lat' dir='ltr'>o:</span> <span class='ocrx_word' id='word_1_424' title='bbox 1253 4192 1364 4244; x_wconf 68' lang='lat' dir='ltr'>immet</span> 
     </span>
     <span class='ocr_line' id='line_1_46' title="bbox 98 4255 1363 4328; baseline 0.003 -20"><span class='ocrx_word' id='word_1_425' title='bbox 98 4274 196 4325; x_wconf 81' lang='lat' dir='ltr'>quoque</span> <span class='ocrx_word' id='word_1_426' title='bbox 211 4264 236 4306; x_wconf 87' lang='lat' dir='ltr'>et</span> <span class='ocrx_word' id='word_1_427' title='bbox 251 4255 313 4306; x_wconf 85' lang='lat' dir='ltr'>nudi</span> <span class='ocrx_word' id='word_1_428' title='bbox 333 4262 358 4305; x_wconf 90' lang='lat' dir='ltr'>et</span> <span class='ocrx_word' id='word_1_429' title='bbox 373 4272 572 4322; x_wconf 73' lang='lat' dir='ltr'>eesnnpuea.</span> <span class='ocrx_word' id='word_1_430' title='bbox 601 4260 699 4310; x_wconf 82' lang='lat' dir='ltr'>Lucan.</span> <span class='ocrx_word' id='word_1_431' title='bbox 720 4259 809 4308; x_wconf 83' lang='lat' dir='ltr'>Phara</span> <span class='ocrx_word' id='word_1_432' title='bbox 832 4257 855 4320; x_wconf 87' lang='lat'>1,</span> <span class='ocrx_word' id='word_1_433' title='bbox 875 4255 938 4309; x_wconf 77' lang='grc' dir='ltr'><strong>313τ</strong></span> <span class='ocrx_word' id='word_1_434' title='bbox 963 4258 1077 4323; x_wconf 76' lang='lat' dir='ltr'>conseret</span> <span class='ocrx_word' id='word_1_435' title='bbox 1104 4261 1293 4327; x_wconf 67' lang='lat' dir='ltr'>exsanguis</span> <span class='ocrx_word' id='word_1_436' title='bbox 1313 4278 1363 4328; x_wconf 82' lang='lat' dir='ltr'>quo</span> 
     </span>
     <span class='ocr_line' id='line_1_47' title="bbox 97 4323 486 4392; baseline 0 -20"><span class='ocrx_word' id='word_1_437' title='bbox 97 4341 125 4374; x_wconf 84' lang='lat' dir='ltr'>se</span> <span class='ocrx_word' id='word_1_438' title='bbox 140 4332 200 4392; x_wconf 80' lang='lat' dir='ltr'>poet</span> <span class='ocrx_word' id='word_1_439' title='bbox 221 4323 288 4374; x_wconf 77' lang='lat' dir='ltr'>lello</span> <span class='ocrx_word' id='word_1_440' title='bbox 305 4323 486 4373; x_wconf 80' lang='lat' dir='ltr'>senectus?</span> 
     </span>
    </p>
   </div>
   <div class='ocr_carea' id='block_1_9' title="bbox 96 4411 1363 4685">
    <p class='ocr_par' dir='ltr' id='par_1_11' title="bbox 96 4411 1363 4685">
     <span class='ocr_line' id='line_1_48' title="bbox 163 4411 1362 4488; baseline 0.005 -24"><span class='ocrx_word' id='word_1_441' title='bbox 163 4413 187 4475; x_wconf 79' lang='lat' dir='ltr'>t,</span> <span class='ocrx_word' id='word_1_442' title='bbox 208 4411 248 4477; x_wconf 70' lang='lat'>52,</span> <span class='ocrx_word' id='word_1_443' title='bbox 266 4413 289 4465; x_wconf 91' lang='grc'>3.</span> <span class='ocrx_word' id='word_1_444' title='bbox 326 4413 372 4464; x_wconf 78' lang='lat' dir='ltr'>At</span> <span class='ocrx_word' id='word_1_445' title='bbox 390 4414 458 4475; x_wconf 79' lang='lat' dir='ltr'>his,</span> <span class='ocrx_word' id='word_1_446' title='bbox 479 4429 530 4464; x_wconf 88' lang='lat' dir='ltr'>von</span> <span class='ocrx_word' id='word_1_447' title='bbox 548 4414 597 4464; x_wconf 87' lang='lat' dir='ltr'>der</span> <span class='ocrx_word' id='word_1_448' title='bbox 614 4414 701 4465; x_wconf 82' lang='lat' dir='ltr'>Partei</span> <span class='ocrx_word' id='word_1_449' title='bbox 717 4416 765 4465; x_wconf 85' lang='lat' dir='ltr'>der</span> <span class='ocrx_word' id='word_1_450' title='bbox 784 4416 892 4479; x_wconf 62' lang='lat' dir='ltr'>Persen</span> <span class='ocrx_word' id='word_1_451' title='bbox 912 4419 964 4468; x_wconf 85' lang='lat' dir='ltr'>wie</span> <span class='ocrx_word' id='word_1_452' title='bbox 981 4418 1025 4472; x_wconf 86' lang='lat' dir='ltr'>hei</span> <span class='ocrx_word' id='word_1_453' title='bbox 1045 4419 1100 4470; x_wconf 88' lang='lat' dir='ltr'>Liv.</span> <span class='ocrx_word' id='word_1_454' title='bbox 1118 4415 1260 4480; x_wconf 80' lang='lat'>35,19,5:</span> <span class='ocrx_word' id='word_1_455' title='bbox 1278 4417 1362 4488; x_wconf 81' lang='lat' dir='ltr'>plu-</span> 
     </span>
     <span class='ocr_line' id='line_1_49' title="bbox 96 4481 1363 4550; baseline 0.008 -21"><span class='ocrx_word' id='word_1_456' title='bbox 96 4489 254 4531; x_wconf 77' lang='lat' dir='ltr'>reatuum</span> <span class='ocrx_word' id='word_1_457' title='bbox 280 4481 321 4532; x_wconf 85' lang='lat' dir='ltr'>ab</span> <span class='ocrx_word' id='word_1_458' title='bbox 338 4482 499 4531; x_wconf 79' lang='lat' dir='ltr'>Romanis</span> <span class='ocrx_word' id='word_1_459' title='bbox 516 4482 600 4550; x_wconf 76' lang='lat' dir='ltr'>primo</span> <span class='ocrx_word' id='word_1_460' title='bbox 618 4481 723 4531; x_wconf 75' lang='lat' dir='ltr'>incursu</span> <span class='ocrx_word' id='word_1_461' title='bbox 745 4483 856 4548; x_wconf 82' lang='lat' dir='ltr'>equiturn</span> <span class='ocrx_word' id='word_1_462' title='bbox 877 4484 1030 4536; x_wconf 71' lang='lat' dir='ltr'>ceciderunt.</span> <span class='ocrx_word' id='word_1_463' title='bbox 1064 4482 1219 4550; x_wconf 70' lang='lat'>42,60,1:</span> <span class='ocrx_word' id='word_1_464' title='bbox 1246 4485 1363 4539; x_wconf 73' lang='lat' dir='ltr'>cecidere</span> 
     </span>
     <span class='ocr_line' id='line_1_50' title="bbox 97 4547 1360 4622; baseline 0.008 -26"><span class='ocrx_word' id='word_1_465' title='bbox 97 4565 126 4598; x_wconf 92' lang='lat' dir='ltr'>eo</span> <span class='ocrx_word' id='word_1_466' title='bbox 144 4548 185 4598; x_wconf 84' lang='lat' dir='ltr'>die</span> <span class='ocrx_word' id='word_1_467' title='bbox 200 4547 238 4597; x_wconf 84' lang='lat' dir='ltr'>alr</span> <span class='ocrx_word' id='word_1_468' title='bbox 258 4549 414 4600; x_wconf 73' lang='lat' dir='ltr'>Romanis</span> <span class='ocrx_word' id='word_1_469' title='bbox 433 4549 576 4599; x_wconf 73' lang='lat' dir='ltr'>ducenti</span> <span class='ocrx_word' id='word_1_470' title='bbox 592 4548 738 4615; x_wconf 78' lang='lat' dir='ltr'>equites,</span> <span class='ocrx_word' id='word_1_471' title='bbox 757 4549 819 4601; x_wconf 85' lang='lat' dir='ltr'>duo</span> <span class='ocrx_word' id='word_1_472' title='bbox 838 4551 941 4604; x_wconf 79' lang='lat' dir='ltr'>milia</span> <span class='ocrx_word' id='word_1_473' title='bbox 958 4553 1120 4621; x_wconf 79' lang='lat' dir='ltr'>peditum.</span> <span class='ocrx_word' id='word_1_474' title='bbox 1141 4580 1170 4592; x_wconf 89' lang='lat'>-</span> <span class='ocrx_word' id='word_1_475' title='bbox 1191 4553 1360 4622; x_wconf 80' lang='lat' dir='ltr'>appella-</span> 
     </span>
     <span class='ocr_line' id='line_1_51' title="bbox 96 4614 678 4685; baseline 0 -19"><span class='ocrx_word' id='word_1_476' title='bbox 96 4623 221 4669; x_wconf 77' lang='lat' dir='ltr'>rentur.</span> <span class='ocrx_word' id='word_1_477' title='bbox 257 4619 329 4670; x_wconf 80' lang='lat' dir='ltr'>Nuch</span> <span class='ocrx_word' id='word_1_478' title='bbox 344 4619 433 4682; x_wconf 86' lang='lat' dir='ltr'>Conj.;</span> <span class='ocrx_word' id='word_1_479' title='bbox 449 4619 492 4669; x_wconf 84' lang='lat' dir='ltr'>F.:</span> <span class='ocrx_word' id='word_1_480' title='bbox 509 4614 678 4685; x_wconf 67' lang='lat' dir='ltr'>appellantem</span> 
     </span>
    </p>
   </div>
   <div class='ocr_carea' id='block_1_10' title="bbox 0 0 1414 4964">
    <p class='ocr_par' dir='ltr' id='par_1_12' title="bbox 0 0 1414 4964">
     <span class='ocr_line' id='line_1_52' title="bbox 0 0 1414 4964; baseline 0 1"><span class='ocrx_word' id='word_1_481' title='bbox 0 0 1414 4964; x_wconf 95' lang='lat' dir='ltr'> </span> 
     </span>
    </p>
   </div>
  </div>
 </body>
</html>
