2820 4964
97 145 141 212 ae
451 116 462 183 ἶ
569 144 608 226 o.
631 142 772 207 cunrn
789 143 886 207 nun

98 315 282 394 ligatumque
302 313 341 375 ed
360 333 482 375 currum
502 320 620 374 traxere
641 314 722 377 circa
741 315 846 375 urbem
870 313 957 394 equi:
987 310 1134 391 gloriante
1154 329 1234 391 rege,
1256 311 1363 375 Achil-

97 410 164 486 len,
195 429 291 490 aquo
314 430 409 490 genus
430 409 496 490 ipse
521 411 700 487 deduceret,
729 411 875 473 imitatum
901 429 934 471 se
962 427 1029 471 esse
1055 426 1155 487 poena
1182 406 1213 466 in
1241 407 1363 470 bostem

98 505 251 586 capienda.
288 503 318 546 ³⁰
328 506 474 568 Cecidere
503 509 663 568 Persarum
693 506 888 588 Arabumque
923 504 1005 566 circa
1035 504 1139 567 decem
1172 503 1269 564 milia:
1301 525 1362 568 nec

96 601 315 664 Macedonibus
335 603 490 664 incruenta
516 603 643 665 victoria
668 604 733 665 fuit.
784 588 911 664 Obsidio
938 607 1020 663 certe
1048 620 1111 662 non
1137 605 1198 660 tam
1225 599 1362 664 claritate

57 758 60 765 ,
99 699 183 761 urbis
203 667 360 760 nobilitaba
380 707 436 773 est,
458 718 547 781 quam
568 699 717 778 geminato
741 698 879 778 periculo
902 697 992 777 regie.

181 795 242 876 Qui
257 796 429 874 Aegyptum
448 796 531 858 adire
551 795 709 872 festinans,
728 794 880 873 Amyntan
902 813 971 854 cum
996 792 1102 854 decem
1129 791 1302 855 triremibus
1331 795 1362 856 iu

99 889 307 953 Macedoniam
326 892 365 952 ad
383 891 605 973 inquisitionem
627 910 779 953 novorum
802 891 928 951 militnm
949 889 1041 951 misit
1082 882 1251 969 ³¹Namque
1272 891 1362 954 etiam

99 989 238 1050 secundis
251 989 454 1050 atterebantur
466 996 565 1050 tamen
585 988 704 1067 copiae,
727 988 970 1068 devictarumque
990 984 1122 1065 gentium
1144 984 1231 1047 militi
1252 987 1360 1062 minor,

99 1105 187 1167 quam
208 1083 374 1146 domestico
395 1085 469 1146 fides
491 1086 665 1147 habebatur.
694 1060 955 1155 rqfflm-
1383 1161 1388 1169 ⁸

181 1181 304 1242 XXIX.
333 1175 388 1225 ”¹²¹
400 1180 560 1260 Aegyptii,
587 1179 668 1243 olim*
683 1181 842 1242 Persarum
860 1176 969 1256 opibus
988 1177 1113 1254 infensi,
1136 1176 1250 1258 qnippe
1270 1175 1360 1243 avire

100 1283 131 1338 et
160 1277 291 1355 superbe
318 1276 519 1356 imperitatum
549 1277 607 1339 sibi
638 1297 704 1338 esse
734 1275 912 1349 credebant,
944 1274 982 1335 ad
1008 1293 1094 1354 spem
1121 1274 1267 1338 adventus
1296 1277 1360 1339 eius
1397 1324 1400 1330 .

99 1381 255 1434 erexerant
274 1374 398 1451 animos,
420 1381 527 1455 utpote
542 1374 598 1456 vqui
621 1373 782 1451 Amyntam
803 1390 924 1452 quoque
946 1372 1131 1452 transfugam
1152 1377 1182 1432 et
1202 1381 1272 1434 cum
1292 1393 1361 1453 pre

100 1468 184 1529 cario
218 1469 345 1549 imperio
373 1472 539 1533 venientem
571 1470 642 1531 laeti
667 1468 861 1548 recepissent.
913 1463 1028 1547 ²1gitur
1057 1468 1164 1546 ingens
1198 1468 1361 1533 multitudo

99 1564 260 1643 Pelusium,
284 1588 343 1649 qua
354 1569 516 1630 intraturus
534 1566 702 1639 videbatur,
723 1572 915 1628 convenerat.
957 1562 1058 1644 Atque
1077 1563 1129 1624 ille
1151 1565 1280 1643 septimo
1303 1566 1361 1644 die,

98 1669 259 1743 postquam
287 1683 305 1724 a
329 1665 411 1725 Gaza
438 1663 543 1742 copias
571 1667 720 1738 moverat,
745 1661 775 1721 in
802 1662 957 1741 regionem
984 1659 1130 1740 Aegypti,
1162 1680 1250 1742 quam
1278 1682 1362 1726 nunc

101 1759 208 1818 Castra
217 1759 381 1822 Alexandri
393 1767 514 1833 vocant,
534 1758 679 1838 pervenit.
731 1753 879 1835 ³Deinde,
898 1757 1088 1837 pedestribus
1100 1757 1197 1836 copiis
1208 1757 1361 1822 Pelusium

100 1857 205 1932 petere
231 1855 336 1931 iussiS,
358 1856 424 1936 ipse
446 1875 514 1918 cum
542 1854 682 1935 expedita
710 1854 897 1916 delectorum
924 1874 1014 1915 manu
1040 1853 1113 1916 Nilo
1141 1871 1228 1914 amne
1254 1862 1361 1918 vectus

102 1954 163 2009 est:
183 1969 241 2012 nac
262 1952 430 2013 sustinuere
447 1952 607 2013 adventum
628 1951 692 2013 eius
714 1951 838 2027 Persae,
862 1949 1031 2011 defectione
1050 1968 1171 2032 quoque
1198 1952 1361 2030 perterriti.

101 2038 240 2126 ⁴Iamque
260 2046 340 2108 band
363 2047 473 2128 procul
488 2046 619 2126 Memphi
641 2055 719 2120 erat3
742 2047 773 2106 iu
793 2045 878 2108 cuius
896 2045 1048 2125 praesidio
1068 2044 1214 2123 Mazaces,
1236 2058 1362 2127 praetor

100 2140 208 2218 Darei,
227 2141 365 2221 relictus,
387 2142 497 2227 [Oron
522 2163 608 2206 amne
628 2140 813 2225 superato,]
844 2142 1015 2222 octingenta
1050 2141 1161 2204 talenta
1185 2142 1360 2206 Alexandro

100 2322 142 2386 33,
160 2323 200 2376 38.
230 2329 282 2379 Cic.
301 2343 350 2392 pro
370 2327 545 2390 11113191
571 2328 658 2394 etqui
684 2327 716 2377 ab
738 2343 766 2377 eo
791 2327 953 2394 spirante
977 2327 1063 2390 foram
1077 2333 1166 2393 patent
1179 2327 1296 2394 potuisse
1313 2328 1361 2378 de-

99 2392 179 2456 fendi,
203 2395 274 2445 coins
292 2413 343 2445 non
367 2397 491 2447 restiterit
513 2395 635 2448 cadaveri
657 2393 752 2445 caria?
776 2422 805 2432 —
838 2393 915 2444 lora
941 2395 1109 2447 traiecta.
1151 2396 1176 2447 S.
1196 2396 1258 2446 Ptin.
1278 2397 1308 2446 N.
1330 2397 1360 2448 Η.

102 2459 208 2523 17,13:
235 2465 401 2514 traiectis
422 2482 485 2532 per
509 2480 574 2514 oasa
591 2463 684 2528 fictilia
702 2461 744 2513 rel
768 2461 858 2528 qantos
875 2461 964 2512 rama.
1005 2465 1094 2528 Gegen
1112 2462 1156 2514 dte
1177 2463 1361 2529 gewbhnliohe

102 2530 220 2589 Constr.;
238 2546 261 2582 s.
279 2533 332 2582 Liv.
348 2529 390 2597 41,
409 2532 448 2595 11,
465 2531 495 2583 6;
517 2532 620 2582 traiecit
635 2533 707 2597 ferro
723 2537 821 2597 pectas.

168 2616 193 2682 4,
210 2619 251 2684 88,
273 2619 313 2672 30.
347 2621 399 2672 Ad
421 2623 683 2690 inquisitionem.
721 2621 885 2686 Vergibes.
912 2622 938 2672 C.
958 2618 982 2684 7,
1002 2618 1027 2682 5,
1043 2618 1083 2672 37.
1104 2617 1144 2672 38.
1175 2616 1200 2681 4,
1218 2617 1260 2682 50,
1278 2617 1320 2671 88.
1335 2619 1361 2684 5,

102 2683 126 2749 6,
136 2683 177 2738 40.
194 2690 247 2740 Liv.
264 2688 308 2751 25,
319 2688 344 2752 5,
358 2688 386 2742 8:
406 2691 533 2741 triamniri
548 2691 599 2741 bini
620 2689 778 2755 conquiri
788 2689 910 2737 tionem
927 2688 1091 2754 inpcnnaram
1102 2704 1151 2756 per
1170 2703 1247 2754 agros
1263 2687 1362 2738 baboe-

101 2762 170 2804 rnnt.
191 2783 219 2793 -
240 2755 266 2820 4,
289 2755 332 2819 88,
352 2756 395 2811 31.
431 2757 734 2809 Etiamsecnndis.
756 2757 797 2807 P:
835 2754 922 2805 rocliis
943 2756 1162 2806 etiamsecandis.
1199 2755 1360 2820 vergi-Lim

101 2820 142 2886 28,
161 2822 201 2887 11,
220 2825 251 2876 1:
275 2827 304 2876 in
324 2827 428 2877 civitate
446 2833 517 2877 tanto
537 2827 682 2877 discrimine
700 2823 759 2875 belli
776 2773 900 2884 soldicita,
939 2839 999 2873 nam
1024 2825 1168 2874 omniunt
1190 2823 1362 2873 secundo-

100 2906 171 2940 rum
191 2908 208 2941 a
218 2892 480 2961 doersornmqne
497 2911 589 2945 canens
606 2895 634 2944 in
651 2893 709 2942 deos
725 2898 862 2952 verterent,
882 2841 965 2941 mndta
981 2892 1103 2959 prodigia
1120 2888 1314 2943 metiebantur.
1328 2916 1358 2929 ·—

102 2960 347 3011 atterebantur
366 2969 483 3011 tamen.
514 2962 607 3012 Tamen
624 2962 703 3012 seblte
723 2960 820 3011 bisher.
833 2962 859 3010 S.
873 2961 901 3009 C.
915 2958 938 3021 7,
951 2958 991 3023 35,
1006 2957 1054 3010 28:
1074 2959 1152 3009 etiam
1170 2957 1199 3007 in
1215 2974 1282 3024 paca
1301 2956 1363 3008 belli

103 3031 209 3076 tamen
223 3027 284 3077 inra
301 3036 445 3080 seruantur.
462 3026 489 3088 8,
507 3028 547 3093 88,
569 3027 609 3080 19.
628 3026 652 3091 6,
672 3027 696 3091 7,
712 3027 735 3078 7.
754 3025 779 3090 6,
799 3025 840 3091 88,
859 3023 899 3078 34.

170 3113 194 3177 4,
213 3114 254 3178 89,
274 3117 295 3168 1.
333 3117 516 3168 Persarum
532 3116 653 3184 opibus.
673 3119 761 3182 vargi.
778 3120 831 3168 Liv.
851 3115 874 3181 7,
895 3114 937 3181 26,
958 3115 1001 3167 15:
1022 3115 1142 3179 Graecia,
1163 3132 1195 3167 ea
1215 3123 1363 3184 tempestate

102 3181 221 3232 intestina
237 3185 307 3248 fessa
325 3185 397 3250 ballo,
422 3187 476 3236 iam
492 3184 615 3235 Maced
621 3200 711 3234 annm
730 3201 807 3251 opes
825 3184 951 3236 borrebct.
985 3185 1073 3249 Vergi.
1092 3186 1166 3235 Curi.
1185 3181 1209 3246 6,
1231 3182 1271 3248 15,
1289 3183 1314 3237 9.
1335 3183 1361 3249 8,

87 3246 145 3311 81,
162 3246 186 3301 6.
207 3248 232 3314 4,
247 3249 274 3312 3,
296 3249 335 3304 16.
358 3281 386 3290 -
410 3253 654 3320 imperitatum.
680 3255 766 3316 Vergt.
786 3251 810 3314 8,
831 3250 868 3316 13,
889 3251 935 3303 16:
962 3251 1076 3318 quibas
1093 3266 1111 3300 a
1129 3252 1292 3319 praetoribus
1309 3253 1362 3303 sais

103 3332 209 3368 avare
228 3336 269 3370 ac
286 3321 427 3388 superbe
444 3320 697 3386 imperabatur.
719 3322 773 3370 Liv.
793 3318 873 3384 21,1‚
888 3319 917 3371 3:
938 3319 1027 3369 Poenis
1047 3319 1275 3384 (indignantibus),
1295 3320 1364 3387 qnod

103 3385 433 3454 superbearareqnc
458 3388 892 3454 crederentimperitatam
911 3387 985 3436 uictis
1006 3403 1065 3436 esse.
1087 3414 1116 3424 -
1145 3386 1295 3455 adspem.
1333 3390 1362 3439 ln

103 3454 253 3519 Beziehung
272 3457 321 3506 aui
335 3457 378 3508 die
389 3457 531 3522 Hoffnung,
551 3457 664 3520 inFolge
683 3456 731 3506 der
741 3457 888 3519 Hotinung;
908 3457 960 3506 wic
976 3457 1031 3506 Ltv.
1048 3451 1148 3517 36,18,
1164 3451 1194 3505 6:
1213 3454 1256 3504 ad
1274 3471 1364 3522 spem

102 3518 223 3584 vulgatae
241 3520 388 3574 clamentiae
403 3523 503 3590 aliquot
519 3522 608 3591 papali
620 3523 787 3574 Acarnaniae
807 3523 1014 3586 defecerant.
1035 3525 1116 3573 Sonst
1128 3521 1225 3587 cripere
1243 3521 1279 3571 nd
1296 3525 1364 3576 oder

103 3586 131 3634 in
149 3587 249 3653 atiqaid
266 3592 431 3654 gewbbntich
447 3595 474 3642 in
495 3594 623 3643 auderem
641 3593 728 3642 Sinna.
756 3594 780 3641 S.
796 3606 830 3641 zu
849 3587 875 3650 4,
895 3588 918 3650 5,
936 3587 978 3639 88.
1015 3591 1115 3654 Wegen
1136 3590 1185 3641 der
1204 3591 1363 3656 Bedeutung

102 3668 157 3704 von
177 3656 273 3721 cripere
291 3661 371 3724 vergi.
400 3662 425 3711 C.
451 3657 474 3720 4,
502 3657 544 3720 60,
563 3658 585 3710 6.
616 3658 655 3722 10,
675 3657 715 3721 81,
734 3656 776 3708 80.
807 3656 921 3720 Liv.21,
942 3655 980 3720 19,
1001 3655 1031 3707 7:
1060 3655 1309 3724 multos-populos
1328 3658 1365 3708 ad

102 3721 697 3847 18113334818188381
714 3753 755 3844 'ia
772 3725 1030 3844 amitttat
1045 3723 1365 3845 amitttadtttt

103 3829 305 3923 uisprun'gncie
323 3831 433 3927 beg’rift’
452 3835 515 3915 dass
531 3830 770 3926 'dor'ecg'cns'tand
788 3833 831 3913 ein
852 3831 996 3912 erbbtenbr
1016 3833 1082 3911 bder
1100 3861 1185 3923 gleich
1202 3861 1291 3911 anem
1311 3874 1364 3912 er-

102 3923 219 3978 betenen
237 3930 287 3990 sei,
310 3932 440 3983 verioren.
474 3933 528 3982 Der
545 3931 699 3995 Ucbergeng
716 3945 749 3980 zu
769 3931 817 3980 der
838 3929 1038 3993 gewbhntichen
1056 3928 1223 3991 Bedeutung‚
1249 3929 1364 3980 wouach

104 4006 133 4044 es
154 3994 195 4045 sur
213 3999 345 4060 ansicher,
371 4000 579 4063 unzuvertassig,
612 3998 684 4050 nicht
711 3996 850 4048 dauerhast
876 4009 1037 4061 genommen
1056 3997 1131 4059 wird,
1164 3996 1227 4060 tiegt
1245 3995 1316 4048 wohl
1336 4000 1365 4047 in

103 4060 165 4112 dem
184 4065 373 4128 geriohttichen
393 4067 543 4118 Gebrauoh.

169 4152 192 4218 4,
212 4154 254 4220 89,
272 4155 297 4208 2.
334 4156 550 4207 intraturas.
569 4157 608 4207 P.:
626 4157 716 4205 intrat.
736 4170 791 4203 ree.
810 4155 834 4203 S.
854 4151 878 4214 t,
896 4149 939 4214 46,
958 4148 999 4201 84.
1018 4148 1044 4212 6,
1063 4151 1103 4214 31,
1126 4151 1165 4204 16.
1186 4151 1210 4216 5,
1232 4151 1274 4214 10,
1292 4153 1318 4205 3.
1330 4181 1364 4192 -

104 4237 122 4269 a
141 4220 239 4275 Gaia
258 4227 343 4288 Vergi.
366 4227 393 4276 C.
410 4223 436 4286 4,
455 4223 497 4287 89,
517 4223 546 4275 5;
566 4239 584 4272 a
600 4223 665 4272 Mem
683 4222 849 4272 iti-nectus.
868 4220 894 4281 5,
915 4217 956 4284 21,
977 4217 1021 4270 19:
1041 4236 1059 4269 a
1077 4219 1153 4270 Perse
1171 4219 1207 4271 oli
1222 4223 1365 4288 profectus.

103 4286 128 4349 5,
143 4286 186 4351 35,
204 4289 233 4342 1:
251 4293 358 4342 movisse
376 4290 408 4341 ab
429 4291 578 4342 Ecbatanis.
615 4240 681 4341 und
692 4291 728 4339 im
748 4292 894 4354 Gegensetz
919 4287 943 4350 4,
969 4285 993 4351 3,
1019 4286 1064 4338 15:
1093 4288 1129 4338 ad
1149 4239 1367 4341 dinoscentiam

105 4363 150 4405 est.
171 4385 200 4396 -
223 4358 348 4409 Castra
366 4358 576 4409 Alexandri.
613 4360 667 4409 Der
685 4359 733 4407 Ort
750 4359 785 4408 ist
803 4361 880 4409 soust
900 4357 974 4408 nicht
992 4355 1125 4419 bekannt,
1148 4361 1227 4410 anter
1244 4357 1366 4410 demsel-

104 4421 157 4473 ben
175 4425 275 4479 Namen
293 4428 397 4480 kommt
411 4429 454 4479 ein
474 4427 589 4479 anderen
611 4429 638 4477 in
658 4425 707 4477 der
725 4426 833 4490 Gegend
853 4425 902 4476 der
920 4429 993 4488 regio
1011 4424 1196 4477 hammoniaca
1213 4439 1270 4477 vor.

173 4512 199 4577 4,
218 4515 259 4580 89,
279 4517 302 4568 4.
338 4518 507 4570 Mazaces.
542 4515 784 4571 andetennam
805 4517 878 4580 oder,
899 4515 1234 4568 wiszasmaaea-
1268 4513 1365 4567 Oron.

106 4581 220 4646 Andere,
237 4588 289 4636 wie
307 4587 347 4639 R:
367 4585 439 4648 Orio,
461 4588 527 4639 oder
547 4587 635 4638 Orion
667 4586 715 4636 Die
735 4583 828 4636 Worto
850 4583 922 4635 Orcn
941 4599 966 4634 a.
987 4599 1008 4635 s.
1025 4584 1221 4637 unterbreohen
1237 4583 1291 4636 den
1310 4598 1366 4636 na-
