2820 4964
129 230 163 290 V.
176 228 295 289 XXXI.
306 231 437 289 10-12
447 228 581 293 XXXII.
592 231 682 293 1-6.
690 229 841 292 XXXIII.
853 237 909 294 7-
919 236 965 294 11.
975 231 1124 295 XXXIV.
1135 236 1181 296 11.
1192 236 1239 296 15.
1263 230 1321 297 167

59 399 150 459 tiouIs
169 398 206 457 ab
225 417 262 458 eo
282 396 447 474 praemium
469 403 645 476 expectent:
670 397 799 461 violatae
822 399 893 461 fidei
916 401 1063 463 neminem
1085 402 1232 463 acriorem
1256 403 1322 463 fora

59 494 208 556 vindicem
225 493 425 573 ultoremque.
466 492 605 575 Ilamque
623 514 685 555 nox
701 496 870 573 appetebat,
890 516 982 576 quum
1000 498 1109 559 Persae
1129 518 1213 559 more
1232 496 1322 559 solito

58 592 150 652 armis
168 591 274 670 posius
304 590 342 650 ad
372 591 542 651 necessaria
568 610 606 650 ex
632 592 772 670 proximo
805 593 874 654 vico
904 593 1027 655 ferenda
1053 593 1234 655 dlacurrunt
1282 592 1323 653 At

58 688 218 763 Bactriani,
238 693 271 747 ut
291 687 470 766 imperatum
492 707 511 747 a
532 689 629 749 Besso
649 695 720 763 erat,
742 689 847 751 armati
867 689 992 751 stabant
1015 698 1017 702 ‘
1242 700 1246 751 ζ

143 784 291 845 XXXIII.
328 779 437 843 '⁷lnter
458 785 533 844 haec
548 786 665 846 Dareus
678 784 858 845 Artabazum
880 785 972 847 acciri
997 786 1086 862 iubet,
1108 786 1320 866 expositisque,

58 902 135 962 qnae
155 883 266 941 Patron
287 879 443 954 detulerat,
464 880 544 940 hand
563 881 697 942 dubitare
717 880 893 957 Artabazus,
913 881 986 962 quiu
1006 884 1221 945 transeundum
1241 890 1321 945 esset

58 978 408 1055 incastraGraecornm.
442 977 551 1037 Persas
569 997 690 1056 qnoque
711 977 847 1055 periculo
870 979 992 1057 vulgato
1012 986 1202 1060 sequuturos.
1238 974 1321 1041 8De-

57 1060 284 1137 stinatus's'o'r'ti
304 1091 376 1131 suae
404 1078 433 1132 et
459 1071 518 1132 lam
550 1072 662 1134 nullius
688 1073 816 1135 salubris
842 1075 961 1135 consilii
989 1077 1120 1154 pattena,
1146 1076 1265 1139 unicam
1289 1076 1319 1136 iu

56 1171 111 1244 illa
129 1171 250 1229 fortuna
273 1188 370 1247 opem,
391 1167 587 1245 Artabazum,
608 1169 745 1233 ultimum
768 1169 851 1231 illum
872 1170 1006 1247 visurus,
1027 1173 1231 1252 amplectitnr;
1251 1192 1320 1251 per·-

58 1269 207 1344 fususque
228 1265 337 1326 mutuis
356 1265 502 1341 lacrimis,
532 1266 734 1327 inhaerentem
761 1267 819 1329 sibi
842 1267 931 1328 avelli
959 1267 1055 1328 iubet:
1086 1270 1183 1348 capite
1211 1268 1320 1330 deinde

56 1363 168 1438 velato,
190 1382 227 1422 ne
240 1361 318 1421 inter
337 1363 464 1440 gemitus
485 1362 699 1441 digredientem
718 1362 800 1423 velut
821 1383 839 1422 a
859 1383 936 1441 rogo
955 1364 1128 1439 intueretur,
1146 1366 1178 1425 iu
1197 1366 1319 1427 lrnmum

10 1450 14 1472 '
57 1480 189 1540 pronum
210 1478 322 1538 corpus
344 1458 460 1521 abiecit.
506 1453 603 1519 ⁹'I'um
626 1477 700 1518 vero
722 1457 859 1518 custodia
888 1459 952 1518 eius
978 1461 1104 1533 assueti,
1134 1481 1210 1540 quos
1240 1464 1320 1539 regis

56 1556 184 1618 salutern
205 1555 253 1616 vel
272 1555 416 1634 periculis
437 1555 515 1617 vitae
540 1555 618 1615 tueri
638 1553 815 1631 oportebat,
840 1553 946 1631 dilapsi
964 1561 1048 1629 sunt,
1075 1556 1211 1631 armatu,
1243 1577 1319 1637 quos

56 1655 117 1714 iam
136 1653 298 1712 adventare
320 1652 502 1728 credebant,
529 1651 610 1712 haud
631 1649 688 1711 rati
707 1670 741 1711 se
763 1651 882 1712 futuros
908 1669 1006 1729 pares
1048 1652 1156 1728 lugens
1188 1672 1261 1732 ergo
1279 1654 1320 1715 ‘in

56 1750 250 1810 tabernaculo
269 1748 402 1811 solitudo
424 1755 497 1823 erat,
516 1747 620 1827 paucis
641 1746 835 1824 spadonibus,
856 1746 934 1828 quia,
956 1766 1018 1828 quo
1039 1748 1237 1825 discederent,
1258 1770 1321 1811 non

56 1846 218 1921 habebant,
245 1845 506 1907 circumstantibus
528 1863 638 1923 regem.
678 1837 752 1905 ¹⁰At
769 1842 839 1919 ille,
863 1844 986 1906 remotis
1007 1844 1140 1921 arbitris,
1165 1845 1216 1907 din
1237 1847 1320 1908 aliud

56 1942 237 2022 atquealiud
253 1942 410 2004 consilium
431 1942 531 2003 animo
555 1940 718 2002 volutabat.
752 1943 874 2021 lamque
895 1940 1094 2018 solitudinem,
1119 1963 1207 2024 quam
1227 1944 1319 2021 paulo

56 2045 124 2099 ante
137 2058 193 2116 pro
206 2039 314 2104 solatio
328 2039 483 2117 petiverat,
506 2057 644 2116 perosus,
657 2038 800 2099 Bubacen
811 2039 913 2098 vocari
925 2039 1016 2100 iubet.
1044 2033 1065 2075 ¹¹
1076 2044 1173 2120 Quem
1192 2040 1318 2118 iutncnS,

56 2138 117 2208 Ita,
141 2134 253 2214 inquit,
278 2136 425 2194 consulite
443 2134 541 2208 uobis,
569 2135 613 2193 ud
634 2135 780 2194 ultimum
801 2137 870 2213 regi
890 2143 1004 2210 uestro,
1029 2144 1067 2195 ut
1093 2134 1228 2214 decebat,
1250 2137 1320 2216 fide

55 2231 200 2292 exhibitu.
243 2231 309 2305 Ego
329 2229 379 2287 laic
400 2231 495 2304 legem
508 2229 584 2304 futa'
602 2232 664 2288 mei
682 2238 812 2306 expecto.
856 2233 1002 2291 Fom'tuu
1021 2235 1149 2309 mireris,
1172 2235 1254 2311 quod
1272 2235 1319 2293 ui-

55 2336 123 2387 tam
145 2343 209 2382 nou
224 2323 362 2400 finium:
390 2323 490 2380 alieno
510 2325 631 2399 scelere,
659 2342 752 2402 quum
770 2345 849 2402 meo,
877 2320 1069 2404 mori‘mulo.
1111 2325 1217 2390 ¹²Post
1241 2330 1318 2391 lranc

54 2440 165 2483 vocem
178 2419 273 2498 spado
286 2417 398 2497 gemitu
408 2435 470 2476 non
480 2418 704 2479 tabernaculum
724 2422 824 2497 modo,
846 2423 899 2482 sed
921 2423 1009 2484 etiam
1030 2429 1127 2485 castra
1148 2424 1318 2503 complevit

55 2521 197 2596 Inrupere
218 2516 325 2575 deinde
344 2513 402 2588 alii,
424 2512 622 2591 laceratisque
640 2514 773 2576 vestibus
792 2517 913 2595 lugubri
934 2526 964 2579 et
984 2519 1112 2580 barbaro
1136 2518 1253 2579 ululatu
1272 2540 1319 2581 re-

57 2635 124 2695 gem
147 2611 306 2691 deplorare
327 2615 501 2688 coeperunt.
541 2603 566 2646 ¹³
576 2610 702 2686 Persae,
732 2612 770 2671 ad
795 2612 863 2675 illos
884 2613 1013 2675 clamore
1036 2614 1169 2692 perlato,
1202 2617 1320 2678 attoniti

56 2719 152 2786 metu,
178 2729 235 2770 uec
255 2727 337 2767 arma
356 2726 481 2785 capere,
509 2725 547 2766 ne
567 2706 598 2765 in
620 2706 795 2770 Bactrianos
813 2708 992 2784 Inciderent,
1016 2729 1072 2775 nec
1092 2710 1247 2790 quiescere
1268 2732 1319 2773 au-

56 2809 182 2882 debant,
200 2826 238 2866 ne
260 2803 350 2882 impie
371 2803 512 2863 deserere
532 2822 632 2882 regem
653 2802 835 2867 viderentur.
871 2798 897 2843 14
907 2804 1015 2864 Varius
1037 2823 1073 2864 ac
1094 2804 1234 2865 dissonus
1259 2806 1318 2866 cla-

56 2925 125 2965 mor
145 2905 209 2965 siue
231 2902 307 2960 duce
329 2920 366 2959 ac
385 2900 450 2961 sinc
472 2898 599 2976 imperio
622 2899 692 2960 totis
712 2903 817 2963 castrIs
840 2898 1035 2962 referebatur.

141 2998 293 3059 XXXIV.
337 2997 433 3057 Basso
454 3002 484 3055 et
495 2995 666 3055 Nabarzani
686 2995 894 3057 nuntiaverant
916 2996 971 3070 sni,
994 3015 1096 3076 regem
1116 2999 1317 3079 asemetipso

55 3100 267 3177 interemptum
287 3113 362 3156 csse.
406 3093 546 3153 Planctus
571 3111 625 3159 eos
652 3092 820 3171 deceperat.
863 3087 888 3129 ¹⁵
896 3091 998 3173 ltaque
1027 3094 1123 3159 citatis
1157 3094 1243 3179 equis
1266 3096 1316 3159 ad-

125 3368 152 3429 5,
172 3366 216 3427 33,
234 3365 259 3417 3.
298 3366 501 3427 llcstiuutus
523 3364 546 3413 d.
567 3363 592 3411 h.
613 3362 685 3424 fatis.
707 3389 734 3396 —
756 3362 911 3412 'consilii
927 3364 1073 3431 paticus.
1112 3367 1138 3433 S
1157 3363 1180 3429 1,
1200 3365 1224 3429 2,
1243 3366 1275 3419 9,
1294 3369 1318 3416 si

55 3437 164 3486 saniora
190 3433 339 3485 consiliu
358 3432 458 3482 taudem
480 3430 558 3499 puli
573 3429 703 3497 potuisset.
725 3456 753 3464 —
773 3429 931 3481 ultImum
957 3431 1065 3482 illum.
1099 3433 1316 3484 viellerchtutu-

55 3503 212 3554 murnillud.
249 3506 273 3552 S.
295 3517 328 3552 zu
347 3497 372 3560 1,
394 3496 434 3562 13,
453 3498 475 3548 2.
495 3497 534 3560 10,
559 3494 596 3560 11,
617 3495 641 3547 3.
663 3522 690 3531 —
711 3499 842 3548 mutuis.
884 3501 908 3549 S.
927 3514 960 3549 zu
979 3497 1004 3561 4,
1023 3497 1066 3559 11,
1084 3498 1126 3549 21.
1147 3529 1175 3536 -
1195 3516 1314 3568 urcqo.

56 3575 101 3622 R:
120 3588 137 3620 a
155 3589 220 3636 repe.
257 3573 282 3621 S.
304 3572 417 3619 Gronov.
438 3567 498 3617 Obs.
520 3564 545 3626 2,
565 3563 597 3615 12
615 3580 639 3629 p.
656 3561 722 3615 238:
747 3564 843 3620 Darius
862 3564 958 3616 uelueit
983 3574 1062 3649 caput
1086 3584 1156 3617 mora
1177 3569 1254 3621 etiam
1272 3570 1315 3619 in.

56 3648 98 3689 ter
115 3640 232 3704 antiquos
250 3638 345 3687 usitato
365 3636 395 3683 de
414 3633 487 3685 rebus
506 3634 557 3682 suis
579 3632 765 3700 desperantium
786 3640 811 3682 et
830 3634 903 3699 quusi
922 3633 1063 3687 decentum
1081 3652 1108 3686 re
1123 3638 1250 3702 fortunae,
1271 3639 1317 3703 [u-

53 3709 127 3774 qieus
148 3706 233 3756 cidere
254 3705 362 3754 amicum
381 3730 409 3737 -
433 3701 597 3753 discedentem
617 3729 645 3736 -
666 3700 734 3749 luter
757 3701 864 3767 percitus
885 3707 909 3750 et
935 3700 1066 3766 dommus,
1091 3712 1121 3754 ut
1136 3704 1201 3756 solet
1218 3722 1236 3756 u
1254 3722 1316 3773 roqo

56 3775 167 3824 discedir
187 3774 260 3839 perusi
279 3773 363 3821 uicum
380 3770 432 3818 lum
448 3771 524 3832 sunus
543 3775 606 3816 esset
622 3784 677 3816 rec.

125 3864 150 3926 5,
169 3863 212 3924 33,
232 3862 256 3914 e.
290 3860 464 3913 Custodia.
492 3861 536 3908 F.:
562 3856 698 3907 custodiae.
734 3860 786 3907 Fur
805 3861 858 3910 den
877 3860 1074 3925 Dativsprioht
1096 3861 1140 3912 bei
1159 3863 1230 3912 Curt.
1248 3878 1317 3914 aus-

56 3948 103 3986 ser
121 3935 169 3984 der
188 3935 261 3996 Vulg.
282 3934 309 3980 lu
327 3928 350 3991 3,
369 3924 444 3989 23,1
466 3928 535 3976 noch
554 3925 592 3988 10,
614 3923 652 3987 15,
670 3921 698 3974 8;
723 3925 816 3976 nobilis
834 3927 909 3995 pueri
935 3927 1113 3981 custodiae
1132 3931 1248 3996 corporis
1265 3930 1317 3980 eius

56 4001 160 4063 assueti,
180 4000 221 4049 Iur
241 4001 292 4050 den
308 3999 410 4048 Ablativ
432 3992 454 4057 6,
476 3994 499 4056 7,
519 3993 551 4044 8:
577 4000 663 4058 prutes
684 3991 790 4044 ulterius
813 3995 952 4062 imperio
977 4010 1018 4044 uc
1042 3996 1173 4046 uomica
1194 4004 1315 4048 assuetas.

55 4073 114 4120 Den
136 4068 238 4117 Ablativ
257 4069 302 4116 hat
319 4079 380 4114 man
406 4065 433 4113 in
456 4063 505 4112 der
521 4062 678 4124 Bedcutung
702 4061 751 4112 des
777 4063 1037 4127 Zusammenhanges
1062 4065 1118 4113 und
1143 4064 1192 4114 der
1210 4066 1317 4115 Bernh-

56 4150 125 4199 rung
142 4151 175 4185 zu
193 4136 342 4194 verstehen,
364 4133 414 4181 wie
432 4130 477 4180 bei
495 4129 551 4178 iure
566 4129 670 4195 peritus,
695 4131 792 4194 peritus
814 4129 885 4193 tello,
907 4137 964 4179 arte
982 4129 1062 4180 rudis.
1083 4158 1111 4166 -
1135 4130 1313 4198 periculis.

57 4207 98 4254 R:
115 4201 238 4271 periculo.
261 4230 288 4239 -
312 4199 461 4250 armatis.
498 4198 610 4258 Andere,
631 4199 682 4246 wie
704 4199 743 4261 F.‚
772 4215 829 4248 eum
847 4198 965 4259 armatis,
984 4199 1052 4249 oder
1071 4205 1123 4247 tum
1141 4199 1259 4249 armatis.

97 4311 101 4315 ’
126 4291 150 4356 5,
165 4290 256 4354 3312.
275 4293 291 4343 I
296 4306 440 4357 rrupere.
461 4288 598 4338 Vielleicht
607 4303 718 4354 erupere.
738 4316 766 4324 -
787 4287 865 4351 5,33,
877 4287 917 4339 11.
936 4287 1167 4353 Referebatur.
1187 4290 1273 4354 vargi.
1288 4290 1314 4354 3,

57 4360 103 4423 25,
121 4359 146 4410 2.
166 4362 220 4410 Cic.
240 4362 274 4411 ud
289 4362 375 4421 Quint.
395 4359 434 4407 Fr.
457 4356 479 4419 1,
499 4355 522 4417 1,
541 4354 585 4405 11;
616 4355 735 4421 quonium
756 4357 876 4406 uusmodt
895 4356 1020 4407 theutrum
1036 4363 1074 4407 ase
1093 4356 1168 4405 lolius
1184 4355 1265 4407 Arica
1278 4388 1317 4425 -:,

58 4437 171 4480 naturae
191 4435 275 4478 autem
291 4429 332 4476 itu
349 4441 478 4487 resouuus,
502 4431 531 4473 ut
545 4423 945 4490 usquellomumstqnilicutioues
966 4440 1088 4543 uocesque
1108 4425 1202 4488 refer
1210 4434 1315 4478 untur.

58 4498 144 4549 Dabei
168 4497 226 4546 totta
245 4496 345 4558 eastris,
367 4496 418 4544 wie
436 4491 459 4555 1,
480 4489 520 4555 12,
536 4488 573 4542 23
590 4492 657 4541 oder
679 4490 738 4541 orla
759 4498 811 4542 tcto
828 4489 853 4555 1,
866 4492 910 4554 20,
930 4491 972 4543 20.
992 4489 1016 4556 1,
1054 4489 1125 4555 21,
1143 4499 1198 4543 totu
1216 4493 1319 4546 Persida

58 4565 86 4628 5,
103 4563 129 4627 6,
150 4562 197 4625 37,
217 4565 276 4613 totis
295 4563 390 4630 campis
408 4562 434 4619 5,
452 4559 479 4620 2,
501 4558 619 4625 1131qu
638 4560 758 4610 concione
773 4557 796 4625 6,
815 4559 859 4629 33,
879 4558 909 4623 6,
931 4561 990 4610 totis
1008 4561 1071 4610 uicis
1088 4558 1112 4623 6,
1129 4557 1170 4623 11,
1189 4559 1212 4611 3.

128 4653 214 4720 533,
232 4653 272 4707 15.
306 4652 489 4730 Adoqluut.
527 4646 682 4716 s.·8‚6,1l.
710 4654 786 4732 Caes
806 4653 831 4705 b.
858 4666 882 4717 g.
906 4650 931 4717 5,
947 4648 991 4719 33,
1019 4652 1048 4704 1:
1076 4651 1108 4703 da
1129 4630 1265 4721 Improviso
1290 4651 1325 4700 ud
