2820 4964
119 198 201 263 vui.
211 197 378 260 xxxvu.
391 198 442 260 as.
453 197 503 258 se.
515 193 697 280 xrrxvrn.
711 194 752 257 30
766 192 816 257 aa.
827 190 984 257 xxxnn
999 191 1060 257 1-s.
1070 192 1137 254 xa.
1148 174 1231 255 sira.
1251 184 1316 253 ass

54 369 147 448 regis.
190 369 255 429 llos
277 367 365 445 euim,
382 365 508 426 circuitu
532 363 583 444 qui
603 363 741 425 fallerent
760 363 887 438 bostem,
907 361 939 422 iu
960 354 1232 440 summum-lupum
1246 357 1316 439 pla

55 468 146 527 cebet
167 465 294 526 evadere
346 458 457 524 ⁰Petra
474 480 545 536 nou,
568 466 603 522 ut
624 459 796 541 pleraeque,
813 459 940 525 modicis
960 479 997 520 ae
1016 452 1317 520 mollibus-elitis-in

57 563 185 625 sublime
203 561 271 622 lasti
303 580 353 620 um
375 557 493 632 crescit
512 555 615 617 sedin
635 566 732 618 metae
751 555 879 617 maxime
894 557 1132 617 modnmerecta
1150 560 1204 631 ast,
1227 548 1316 616 cuins

56 662 118 721 ima
139 657 318 739 spatiosiora
340 665 418 731 sunt,
447 653 554 715 altiora
577 652 721 714 inertius
742 658 863 727 coeunt,
891 672 1007 715 summa
1034 651 1065 712 in
1086 657 1207 713 acutum
1229 644 1317 711 uacu-

56 777 128 819 men
153 760 323 834 exsurgunt.
369 750 517 813 ⁷Radiees
537 749 602 810 eius
628 750 719 810 Indus
740 749 836 810 amnis
862 748 950 826 subit,
962 768 965 773 ·
978 746 1138 828 praealtus,
1157 747 1317 828 utrimque

56 853 175 935 asperis
189 852 279 932 ripis:
302 853 340 912 ab
357 849 452 912 altera
470 853 555 926 parte
574 846 733 925 voragines
753 842 926 926 eluviesque
946 848 1125 926 praeruptae
1143 840 1229 907 snut}
1248 843 1317 904 Neo

57 950 117 1012 alia
134 948 325 1028 expugnandi
350 945 472 1026 patebat
492 943 552 1017 via,
583 962 671 1022 quam
695 948 730 1004 ut
759 942 957 1021 replerentur.
983 937 1073 1004 ·⁸Ad
1103 957 1222 1004 manum
1242 938 1318 1019 silva

57 1053 132 1121 crat,
154 1066 243 1131 quam
262 1065 317 1106 rex
337 1045 379 1104 ita
401 1040 487 1103 caedi
506 1038 654 1114 iussit,·nt
673 1038 746 1100 nudl
767 1040 884 1120 stipites
904 1034 1095 1102 {sementare
1112 1034 1318 1120 qnippe-rami

57 1143 167 1204 froude
186 1134 286 1203 vestiti
305 1139 501 1220 impedissent
521 1137 677 1211 ferentes„
694 1138 763 1216 lpse
783 1137 897 1217 primns
920 1144 1057 1200 truncam
1074 1137 1214 1199 arborem
1232 1135 1319 1208 iecita

58 1240 233 1318 clamorque
252 1238 411 1313 exercitus,
432 1234 522 1295 index
537 1232 706 1311 alacritatis,
722 1241 867 1316 sequutus
887 1241 942 1310 est,
960 1234 1046 1297 nullo
1058 1234 1242 1297 detrectante
1254 1226 1318 1294 mn-

58 1355 126 1412 nns,
148 1336 232 1416 quod
251 1353 307 1394 rex
325 1330 544 1411 occupavisset
578 1355 582 1362 ¹
1314 1344 1318 1361 .

142 1433 209 1493 XL.
262 1427 362 1493 ⁹lutra
383 1427 543 1508 septimum
562 1427 642 1489 diem
661 1445 805 1489 cavernas
822 1427 1023 1507 expleverant,
1044 1449 1137 1510 quum
1156 1442 1211 1488 rex
1230 1426 1319 1506 sagit-

58 1531 153 1592 tarios
175 1536 206 1590 et
225 1528 375 1608 Agrianos
399 1525 482 1586 iubet
502 1544 558 1604 per
579 1525 674 1586 ardua
697 1524 760 1586 uiti.
802 1525 988 1607 Iuvenesque
1017 1525 1259 1606 promptissimos
1274 1538 1321 1583 ex

60 1648 116 1690 sua
137 1629 263 1688 cohorte
279 1625 381 1686 XXX
404 1621 523 1702 delegit
553 1617 581 1661 ¹⁰
588 1625 692 1684 Duces
713 1622 759 1682 his
780 1621 841 1682 dati
862 1628 934 1683 sunt
949 1621 1068 1684 Charus
1091 1629 1122 1684 et
1138 1620 1317 1695 Alexander,

60 1744 149 1806 quem
169 1743 223 1783 rex
243 1721 382 1798 nominis,
411 1719 495 1800 quod
516 1717 574 1779 sibi
600 1738 669 1780 cnm
696 1737 735 1779 eo
762 1738 927 1780 commuue.
949 1727 1039 1794 esset,
1067 1718 1231 1782 admonuit.
1267 1715 1320 1776 »Αο

60 1823 169 1901 primo,
192 1821 261 1900 qnie
278 1826 340 1880 tarn
355 1817 543 1879 manifestum
559 1816 726 1896 periculum
744 1822 817 1892 erat,
834 1815 934 1896 ipsum
945 1834 1048 1907 regern
1068 1818 1229 1880 discrimen
1247 1814 1320 1876 sub-

60 1919 105 1978 ire
122 1938 184 1979 non
207 1917 334 1997 placuit:
354 1912 376 1955 ¹¹
384 1916 438 1976 sed
454 1920 489 1975 ut
509 1913 626 1992 signum
646 1912 836 1991 urbanarum
855 1919 908 1991 est,
931 1915 977 1976 vir
998 1915 1141 1978 andaciae
1161 1917 1321 1994 promptae

61 2034 227 2077 conversus
248 2015 287 2074 ad
299 2013 440 2092 eorporis
459 2011 602 2072 custodes
621 2010 708 2091 sequi
730 2027 764 2070 se
784 2002 877 2085 iubet,
897 2011 1072 2099 primusque
1091 2011 1203 2074 invadit
1220 2012 1251 2072 in
1270 2024 1321 2074 ru-

60 2131 139 2190 pem.
182 2111 249 2170 Nec
278 2108 386 2168 deinde
415 2098 572 2188 qnisquam
592 2107 792 2168 Macedonum
819 2108 956 2184 substitit,
987 2109 1159 2191 relictisque
1186 2109 1321 2172 stationi-

60 2209 120 2269 bus
142 2225 197 2266 sua
217 2209 324 2282 sponte
348 2223 451 2281 regem
473 2205 684 2283 sequebantur.
727 2196 751 2239 ¹²
760 2199 925 2264 Multorum
945 2203 1123 2267 miserabilis
1144 2206 1201 2267 luit
1220 2224 1319 2283 casus

61 2320 207 2382 quos·ex
229 2305 390 2378 praerupta
413 2318 489 2377 rupe
515 2299 619 2378 lapsos
649 2299 743 2358 amuis
765 2300 979 2376 praeterfluens
1005 2301 1111 2378 bausit,
1143 2303 1227 2366 triste
1253 2310 1321 2382 spe-

62 2397 212 2459 ctaculum
235 2393 323 2456 etiarn
345 2412 407 2454 uon
423 2394 674 2473 periclitantibns3
706 2404 803 2475 quum¹
817 2414 891 2456 vero
912 2397 1011 2458 alieno
1032 2398 1132 2472 exitio,
1154 2399 1226 2479 quid
1246 2399 1322 2476 ipsis

61 2493 227 2554 timendum
249 2492 336 2565 foret,
364 2488 605 2567 admouerentur,
635 2492 666 2552 iu
694 2496 806 2552 metum
833 2480 1041 2554 misericordia
1065 2512 1162 2568 versa,
1188 2481 1252 2555 nou
1270 2510 1321 2554 ex-

62 2592 182 2666 tinctos,
213 2590 268 2651 sed
297 2588 475 2666 semetipsos
501 2588 658 2650 deflebant.
699 2582 769 2647 ¹³Et
796 2587 856 2647 iam
883 2607 920 2650 eo
941 2595 1118 2668 perventum
1139 2596 1211 2667 erat,
1239 2590 1321 2653 unde

62 2689 127 2749 sine
147 2686 280 2766 pernicie
302 2684 359 2745 uisi
381 2685 512 2746 victores
531 2683 632 2746 redire
653 2702 715 2746 nou
737 2690 870 2763 possent,
900 2683 1032 2764 ingentia
1051 2705 1122 2748 saxa
1140 2687 1171 2748 in
1191 2686 1322 2750 subenn.

62 2791 108 2844 tes
128 2782 377 2863 provolventibus
395 2781 542 2856 barbaris,
564 2781 632 2863 quis
649 2781 782 2861 perculsi
801 2782 932 2844 instabili
944 2789 975 2845 et
986 2783 1105 2845 lubrico
1129 2785 1224 2865 gradu
1235 2802 1322 2864 prae

63 2880 171 2958 cipites
190 2879 373 2942 recidebant.
399 2865 608 2940 .¹⁴Evaserant
630 2885 729 2940 tamen
749 2877 921 2939 Alexander
948 2886 978 2940 et
997 2878 1124 2956 Charus,
1154 2886 1322 2962 quoscum

63 2978 164 3037 XXX
184 2977 307 3061 delectis
329 2977 524 3054 praemiserat
543 2994 605 3051 rex,
616 2983 657 3058 ¹et
676 2976 735 3035 iam
757 2994 892 3055 pugnare
912 2976 1050 3038 cominus
1069 2983 1248 3059 coeperant3
1267 2979 1324 3043 sed

64 3093 156 3152 quum
184 3056 314 3152 superne
344 3073 404 3134 tela
426 3064 546 3134 barbari
572 3073 749 3152 ingererent,
783 3072 904 3152 saepius
926 3073 984 3153 ipsi
1012 3074 1203 3153 feriebantur,
1233 3096 1322 3161 quam

62 3169 267 3231 vulnerabant.
297 3165 411 3249 ¹⁵Ergo
431 3169 609 3244 Alexander,
627 3175 658 3230 et
676 3169 806 3231 neminis
826 3170 874 3231 sui
894 3176 926 3231 et
944 3172 1086 3251 promissi
1106 3190 1230 3250 memor,
1250 3173 1322 3236 duur

63 3267 172 3339 acrius,
194 3287 282 3346 quam
302 3268 418 3328 cautius
441 3267 569 3341 dimicat,
600 3266 761 3327 confessus
789 3266 922 3348 nudique
944 3269 1089 3332 obruitur.
1129 3262 1261 3351 ¹⁶Quem
1287 3274 1324 3333 ut

63 3363 179 3422 Charus
199 3363 343 3423 iacentem
364 3363 529 3442 conspexit,
557 3382 646 3423 ruere
667 3362 697 3422 in
724 3364 849 3440 hostem,
877 3364 1010 3425 omnium
1032 3370 1151 3445 praeter
1177 3367 1323 3434 ultionem

63 3459 227 3534 immemor,
251 3461 360 3538 coepit,
376 3460 547 3540 multosque
569 3461 660 3534 hasta,
682 3460 829 3543 quosdam
852 3460 953 3539 gladio
969 3461 1133 3536 interemit;
1156 3462 1210 3524 sed
1230 3484 1322 3547 quum

64 3656 122 3691 war
136 3645 297 3706 weuigsteus
317 3645 364 3693 der
383 3642 422 3712 ἀρ·
435 3641 607 3712 ιγραμματεὺς
626 3645 674 3693 des
691 3645 795 3707 Kbuigs.
816 3671 844 3680 -
866 3641 892 3704 8,
914 3642 956 3704 39,
977 3641 1001 3694 6.
1020 3645 1163 3697 Medicis
1184 3665 1221 3699 ac
1238 3649 1321 3699 nsel-

64 3709 152 3758 libus
174 3709 281 3760 elicis.
300 3714 324 3760 S.
342 3713 394 3761 Liv.
406 3661 447 3773 91,
460 3710 502 3769 37,
515 3709 544 3761 3:
564 3711 604 3759 ita
622 3709 748 3759 torridam
767 3711 882 3761 metudio
900 3728 988 3778 nepem
1005 3715 1076 3776 ferro
1092 3715 1216 3782 pandunt,
1235 3717 1323 3767 saal«

65 3777 201 3843 liuntque
235 3777 395 3842 anfractibus
419 3778 563 3828 medicis
597 3777 721 3837 cliuos,
748 3786 777 3827 ut
800 3794 853 3828 nan
875 3779 988 3830 umente
1012 3780 1102 3846 salum,
1129 3784 1175 3833 aad
1193 3783 1324 3851 elepltwli

63 3845 141 3894 ettam
156 3844 246 3894 deduci
258 3853 368 3912 possent.
389 3845 430 3909 97,
452 3843 491 3908 18,
512 3844 556 3896 15;
577 3844 745 3894 mollioris
771 3847 906 3896 adscensus
930 3848 981 3899 aia.
1010 3851 1080 3914 virg
1100 3854 1193 3915 Georg.
1214 3850 1240 3914 3,
1255 3850 1320 3904 293:

63 3911 168 3961 malli
187 3912 283 3962 clivo.
305 3943 335 3951 —
357 3912 569 3964 in-modum
585 3920 705 3963 crecta.
736 3916 760 3964 S.
782 3916 836 3966 Liv.
854 3915 880 3976 7,
896 3913 937 3978 99,
955 3913 987 3966 2:
1004 3924 1034 3966 ut
1052 3918 1087 3968 in
1106 3917 1174 3969 bano
1190 3920 1322 3985 nequitu-

64 3980 156 4040 dinena,
176 3997 241 4046 quae
257 3982 302 4031 uia·
319 3983 467 4043 sustinetur,
484 3981 573 4046 eripi
589 3981 721 4047 imperium
737 3989 832 4048 posset.

131 4070 156 4134 8,
173 4069 214 4134 39,
233 4069 259 4122 8.
292 4071 344 4122 Aa
368 4089 497 4123 manum.
532 4072 657 4122 Aebulicb
681 4069 708 4132 9,
729 4070 840 4134 1214:
866 4090 914 4125 eur
934 4074 1093 4127 circuitu
1114 4076 1180 4143 petis
1202 4075 1322 4143 plasium,

64 4156 130 4204 quae
150 4140 192 4189 ad
211 4156 339 4191 manum
353 4142 442 4208 posita
458 4148 502 4191 est.
521 4136 547 4200 1,
567 4138 608 4200 10,
630 4136 669 4189 18.
691 4166 720 4179 -
750 4148 907 4193 truncans
924 4143 1095 4207 arboreas,
1112 4146 1165 4196 wie
1184 4142 1208 4207 6,
1221 4142 1322 4207 35,-98;

65 4215 182 4257 tnrncum
200 4225 298 4274 corpus.
321 4211 409 4274 virgil.
422 4212 486 4260 Aen.
498 4205 525 4268 3,
538 4204 601 4259 659:
623 4214 716 4258 trunca
734 4225 837 4259 manum
853 4210 954 4278 pinus
970 4210 1039 4278 repis
1058 4219 1083 4262 at
1099 4212 1208 4278 aestuis
1226 4213 1324 4277 firmat.

133 4297 159 4360 8,
179 4297 222 4360 10,
241 4298 264 4350 9,
299 4299 351 4350 Ee
369 4317 429 4350 saa
447 4299 593 4355 cohorte.
631 4299 707 4359 Wobl
726 4301 861 4368 disrepta
878 4302 979 4364 robore,
998 4317 1058 4354 von*
1072 4305 1121 4356 der
1136 4301 1162 4367 8,
1180 4302 1224 4365 91,
1244 4303 1261 4355 7
1279 4307 1323 4357 die

65 4369 137 4419 Rede
153 4382 219 4419 war.
259 4369 333 4419 Doah
353 4371 453 4420 kanuto
480 4368 549 4420 arach
574 4369 648 4419 eines
670 4369 720 4421 der
743 4369 842 4423 beiden
867 4368 984 4438 ἄγημα
1004 4372 1089 4423 deruit
1116 4375 1233 4437 gemebat
1249 4375 1321 4433 ,sein

67 4437 151 4499 vergi.
173 4450 206 4484 zu
218 4434 242 4496 5,
261 4434 287 4496 7,
305 4434 330 4488 3.
352 4464 383 4476 -
412 4434 439 4496 8,
459 4432 500 4498 to,
519 4434 558 4486 10.
590 4434 728 4487 Charus.
758 4438 1214 4511 DerNamebntkeineAnaloqle.
1248 4440 1324 4493 Vid-

64 4506 145 4554 leicht
171 4502 341 4554 Gbarinus
362 4507 429 4556 oder
451 4503 582 4554 Chares
609 4505 675 4556 oder
696 4503 837 4555 Charon.
855 4532 889 4543 -
917 4503 944 4567 8,
963 4503 1004 4569 lu,
1026 4504 1065 4558 19.
1094 4506 1322 4570 Miserabilis,

69 4567 243 4703 s‘tbueqiiu}
264 4598 295 4609 -
313 4570 338 4636 8,
351 4570 395 4634 lu,
408 4571 446 4624 13.
461 4570 554 4635 ‚Quia
574 4572 615 4624 x:
634 4572 687 4639 qut.
705 4574 754 4627 Die
771 4572 944 4641 satmuauns
960 4576 1051 4629 meent
1070 4576 1115 4629 die
1131 4576 1324 4643 verendarum

64 4654 101 4690 110
213 4655 219 4688 Ι
239 4679 246 4691 ,
299 4689 302 4693 ,
993 4656 997 4661 ’
