2820 4964
273 248 308 313 V.
331 248 449 312 xxiii.
474 250 522 312 11.
543 245 661 310 xxiv.
684 248 808 311 1-10.
834 244 936 307 XXV.
960 244 1104 308 10-14.
1256 239 1320 309 lib

62 423 101 483 St
120 439 192 482 cum
213 420 349 499 ignauis,
379 416 493 498 inquii,
519 424 551 477 et
565 417 671 496 pluris
696 417 936 495 qmumeunqm
955 415 1054 477 511551
1073 413 1199 475 cenesca
1223 419 1320 474 morte

62 515 296 578 aestimantibus
304 514 449 595 fortuna
471 515 796 590 innuisset,.tacerem
819 513 938 592 potius,
960 531 1053 591 queam
1070 510 1203 591 frustra
1228 508 1319 570 uerba

62 633 277 674 consumerem.
322 608 402 672 ⁷Sed
410 612 534 685 maiore,
558 609 1168 688 qaameellemdocamemoetotrmum
1188 612 1320 667 uestram

61 719 94 771 et
107 711 207 789 fidem
227 718 380 789 ceperim,
400 708 501 786 magis
520 709 614 768 etiam
634 707 757 768 conniti
775 703 870 780 debeo,
891 713 929 765 nt
949 704 1062 781 dignus
1079 701 1192 771 sattim
1210 703 1320 763 amicis

61 809 129 881 nm,
151 825 243 884 quam
261 805 416 879 dubitare,
448 811 499 862 ari
509 805 603 864 oestri
626 805 739 865 similes
767 801 869 863 adbuc
891 793 1087 863 11ἵί53115
1116 805 1162 859 tot
1188 795 1319 873 milibus,

61 922 140 979 quae
151 901 205 963 sub
216 904 344 981 imperio
352 901 497 980 fuerunt
515 917 590 972 meo,
611 896 655 959 bis
674 916 723 959 me
741 900 870 971 m'ctum,
889 896 933 958 bis
944 897 1127 978 fugientem
1142 897 1323 973 persequuti

60 1001 140 1059 estis.
191 998 282 1058 Fides
310 1003 423 1067 uestra,
436 1001 469 1054 et
494 995 684 1068 constantia,
711 1001 750 1053 ut
776 1012 879 1072 regem
903 1012 951 1055 me
978 1014 1038 1054 esse
1066 991 1203 1066 credam,
1221 990 1320 1072 facit

61 1089 260 1152 ⁹Proditores
282 1101 310 1153 et
331 1090 519 1171 transfugae
539 1091 575 1149 in
594 1087 719 1150 urbibus
738 1091 812 1149 mes's
831 1099 983 1169 regnant:
1007 1109 1071 1173 nou
1091 1089 1224 1162 hercule,
1247 1088 1321 1164 quia

59 1167 154 1246 tanto
174 1188 287 1248 bonore
309 1185 571 1266 dehaibabeutur,
593 1185 647 1246 sed
664 1192 703 1245 ut
714 1187 864 1264 praemiis
882 1187 1104 1247 eorum'oestri
1117 1185 1332 1246 sollicitentur¹

58 1283 172 1341 animi.
215 1282 321 1343 Meam
331 1281 506 1362 fortunam
525 1289 644 1360 tomen„
672 1302 766 1360 quam
782 1283 906 1343 uictoris
923 1283 1077 1343 cainum
1095 1282 1187 1359 sequi,
1207 1280 1322 1358 agnu-

58 1379 151 1451 simi„
165 1376 281 1453 quibus,
301 1379 330 1438 si
349 1397 405 1456 ego
422 1396 487 1437 non
499 1379 625 1455 possim,
645 1377 692 1438 dii
704 1396 766 1456 pro
783 1397 831 1437 me
846 1378 987 1454 gratiam
1005 1376 1157 1456 referant.
1196 1378 1240 1435 Et
1258 1395 1321 1441 me-

59 1473 185 1533 hercule
196 1472 342 1551 referent.
384 1469 411 1511 ¹⁰
419 1472 517 1532 Nulla
527 1475 588 1532 erit
607 1481 672 1533 tam
691 1472 787 1533 surda
803 1473 976 1549 posteritas,
996 1472 1089 1530 uuila
1110 1478 1175 1531 tam
1191 1471 1322 1546 ingrata

50 1568 164 1648 sauia,
183 1588 260 1645 quae
278 1588 343 1630 uon
364 1571 400 1628 in
418 1569 536 1628 coelum
558 1587 611 1628 oos
631 1566 738 1630 debitis
757 1565 1015 1646 modumsuae.

146 1665 253 1724 XXV.
296 1667 419 1742 ltaque,
448 1665 571 1724 etiamsi
582 1664 745 1725 seruilium
756 1662 882 1743 fugae,
903 1683 926 1723 α
947 1682 1014 1740 qua,
1029 1663 1164 1747 multum
1182 1657 1324 1723 abhorret

60 1761 203 1834 animus,
227 1761 409 1837 agitassem,
445 1767 546 1821 cestra
569 1768 673 1820 tamen
699 1760 815 1819 uirtute
830 1759 943 1839 fretus
975 1757 1093 1819 oboram
1123 1760 1210 1818 issent
1235 1757 1321 1819 besti

60 1851 84 1893 ¹¹
100 1856 256 1932 Quousque
279 1858 362 1916 enim
383 1858 420 1915 in
440 1875 536 1934 reguo
559 1853 705 1931 exulabo,
733 1863 767 1916 et
782 1856 937 1934 perfines
964 1856 1089 1934 imperii
1110 1856 1172 1922 mci
1186 1853 1322 1934 fugium

61 1959 225 2012 externum
246 1959 277 2012 et
288 1941 446 2014 ¹aduenam
466 1956 593 2031 regem?
611 1972 707 2031 quum
729 1954 823 2013 liceat
843 1959 968 2030 experto
989 1950 1062 2012 belli
1070 1950 1245 2031 fortunam
1264 1959 1324 2012 aut

61 2067 222 2125 reparare,
239 2067 317 2126 quae
338 2049 446 2121 amisi,
468 2057 528 2108 aut
545 2049 670 2109 honesta
688 2055 785 2110 morte
805 2047 946 2128 defungi.
989 2041 1092 2107 ¹²Ntu·
1112 2047 1198 2118 forte
1224 2050 1338 2115 satius,

61 2152 107 2202 est
125 2151 284 2221 expectare
302 2146 426 2203 uictoris
445 2143 626 2219 arbitrium,
649 2152 680 2204 et
697 2146 827 2211 Mazaei
845 2153 876 2204 et
895 2144 1064 2207 Mithrenis
1089 2147 1225 2224 esernplo
1247 2165 1321 2224 pre·

60 2239 331 2314 cam‘umaccipere
350 2257 481 2313 regnum
500 2241 637 2298 nationis
657 2241 765 2300 unius:
784 2241 903 2300 utiam
922 2241 1015 2300 malit
1028 2240 1083 2300 ille
1100 2241 1221 2318 gloriae
1239 2261 1322 2316 suae,

61 2352 158 2413 quam
175 2334 242 2389 irae
263 2329 389 2406 obsequi.
432 2325 457 2366 ¹³
465 2333 527 2391 Nec
549 2333 596 2392 dii
619 2335 760 2408 sinerint,
791 2341 830 2395 nt
850 2335 906 2399 boc
927 2335 1016 2397 decus
1041 2338 1104 2396 mei
1127 2339 1238 2416 capitis
1264 2345 1324 2399 aut

61 2431 182 2490 eernere
204 2426 283 2485 mibi
301 2427 461 2503 quisquam
478 2435 540 2486 aut
558 2429 731 2489 condonare
746 2432 864 2508 possit:
885 2432 1017 2493 necboc
1046 2433 1209 2510 imperium
1235 2435 1323 2497 uiuus

61 2527 216 2597 urnittam,
238 2522 375 2601 idemque
398 2524 459 2582 ‘erit
475 2524 568 2601 regni
585 2525 653 2598 mei,
674 2525 730 2602 qui
747 2527 885 2604 spiritus,
896 2527 986 2605 finis.
1026 2522 1096 2587 14Si
1119 2528 1170 2588 bt'c
1188 2531 1322 2607 animes,

62 2623 92 2680 si
108 2620 185 2681 baec
205 2619 264 2694 lea,
289 2619 375 2680 nulli
391 2638 455 2679 non
471 2627 570 2700 parta
592 2616 715 2683 libertas
734 2627 795 2684 est:
813 2641 901 2686 nemo
919 2643 936 2685 c
957 2621 1038 2686 uobis
1047 2623 1223 2708 fastidium
1246 2627 1321 2693 Ma-

131 2856 155 2920 5,
172 2854 257 2920 hio.
292 2858 336 2907 Si.
367 2861 404 2909 F.:
434 2861 458 2910 si
476 2877 568 2912 me-
601 2860 625 2922 5,
641 2826 683 2923 hh,
701 2859 727 2911 7.
756 2861 901 2929 Maiore,
930 2866 1186 2933 quamoellem,
1206 2870 1321 2922 docu-

22 2962 23 2967 ,
62 2933 177 2973 suenio.
217 2928 304 2989 Vergl.
323 2925 350 2986 3,
371 2925 413 2988 15,
437 2927 481 2978 12:
506 2929 529 2977 si
553 2929 590 2978 dii
606 2927 652 2978 tibi
672 2931 852 2994 permisissent,
879 2949 928 2998 quo
945 2935 1056 2984 manime
1074 2935 1146 2985 modo
1164 2936 1242 2987 oebles
1260 2941 1320 2990 ani-

62 3007 130 3040 mum
152 2993 265 3108 511551ὶὶνᾶ
283 3010 370 3055 meina,
398 2993 451 3044 clio
474 2997 591 3062 profecto
616 2995 747 3058 solennes,
774 2999 820 3047 sed
841 3001 958 3065 certiore,
987 3018 1065 3068 quom
1089 3012 1208 3069 nuntia
1233 3023 1266 3070 es,
1290 3025 1322 3058 ne

62 3066 176 3123 optasses
204 3076 237 3124 qu
265 3077 309 3110 em.

130 3148 156 3207 5,
173 3147 214 3211 24,
234 3146 258 3200 9.
294 3149 604 3210 Quia—habentur.
625 3155 666 3206 R:
685 3154 1185 3226 μία-1555555555.1515515
1205 3167 1320 3218 Gramm.

61 3218 86 3279 §-
104 3214 163 3265 537.
182 3231 208 3278 p.
228 3214 286 3266 153.
306 3244 334 3253 -
355 3216 382 3278 5,
401 3216 443 3282 21,
464 3219 502 3270 10.
526 3221 642 3271 Surda
658 3224 868 3288 posteritas.
888 3227 1030 3279 Entwedec
1049 3229 1123 3291 1551),
1141 3233 1321 3298 unempia'ng-

61 3283 172 3332 11511151
190 3285 238 3333 das
257 3286 401 3346 Hersiiche,
428 3288 510 3338 oder:
537 3291 596 3350 stili,
617 3291 827 3355 verschwiegen,
875 3297 1044 3345 5151111111-
1072 3297 1106 3346 iu
1125 3299 1264 3350 coelun.
1294 3305 1320 3354 S.

60 3353 116 3464 {lie
132 3351 202 3479 5th
216 3348 249 3467 bd!
259 3350 282 3413 3,
302 3349 331 3402 6:
362 3353 459 3403 055151
474 3356 560 3418 fertur
579 3357 607 3406 in
625 3356 730 3410 coelum.
760 3361 814 3410 Liv.
835 3357 858 3422 9,
878 3359 916 3424 10,
935 3359 966 3413 3:
992 3379 1047 3413 essm
1066 3363 1184 3415 laudibus
1208 3367 1321 3418 511555-

70 3433 114 3466 um
146 3434 187 3465 ere
203 3434 220 3467 α
251 3453 257 3465 .

129 3506 153 3568 5,
173 3505 271 3568 1510.
292 3507 472 3559 Abhorret
489 3513 625 3564 animus.
647 3516 674 3567 S.
692 3512 715 3576 4,
736 3513 777 3576 25,
797 3513 821 3566 ³.
843 3517 896 3567 Cic.
916 3519 950 3568 ed
968 3523 1019 3570 111.
1037 3517 1064 3581 h,
1083 3519 1131 3572 61:
1152 3538 1170 3573 α
1188 3523 1321 3579 scribendo

58 3591 168 3641 prorsus
186 3574 308 3624 obhorret
327 3577 432 3627 animus.

127 3662 151 3726 5,
169 3662 210 3727 25,
232 3663 269 3715 11.
309 3666 475 3718 11551515,
512 3671 573 3720 Sein
596 3671 748 3722 Auienthoit
771 3673 798 3722 in
827 3675 879 3724 den
901 3678 1096 3730 Grenzlhndern
1120 3682 1242 3733 ersohien
1266 3684 1321 3735 ihm

58 3733 98 3782 ais
125 3735 167 3782 ein
187 3734 241 3782 Exii
265 3735 291 3783 in
308 3735 396 3798 Bezug
420 3736 466 3785 aui
488 3737 532 3787 die
550 3738 662 3800 Haupt·
686 3741 740 3790 und
765 3740 968 3797 Stammliinder.
990 3772 1018 3782 -
1048 3746 1190 3798 honesta
1214 3759 1320 3801 morte

57 3799 215 3865 desunqi,
244 3801 330 3850 nicht:
360 3803 401 3851 Ich
420 3804 491 3851 kann
519 3805 654 3855 ehrenvoii
681 3807 797 3870 sterben,
823 3810 953 3860 sondern:
981 3813 1023 3863 ich
1043 3814 1114 3865 kann
1138 3817 1221 3867 durch
1242 3819 1320 3869 einen

56 3867 229 3916 ehrenvoilen
249 3869 305 3918 Tod
324 3870 393 3919 mein
411 3871 599 3933 Missgeschick
618 3872 806 3937 abschiiessen,
836 3878 907 3927 mich
924 3880 1025 3932 meinos
1043 3882 1143 3934 Looses
1162 3885 1319 3948 entiedigen.

127 3955 150 4018 5,
171 3955 266 4020 5511.
291 3957 377 4007 Nisi.
397 3962 440 4009 Z.:
457 3961 492 4008 ni.
520 3962 605 4024 vergi.
624 3957 740 4023 1651.
764 3991 792 4000 -
812 3965 954 4018 Mazaei.
974 3971 999 4020 S.
1016 3968 1041 4030 5,
1056 3968 1082 4030 3,
1104 3970 1141 4021 17.
1160 3971 1218 4036 5,6,
1231 3971 1319 4024 41.-

56 4023 252 4073 Mithrenis.
272 4028 297 4075 S.
317 4024 340 4087 3,
360 4024 403 4086 30,
424 4024 447 4077 6.
466 4026 492 4087 5,
513 4025 537 4087 6,
558 4025 600 4080 bi.
620 4056 651 4064 -
672 4029 823 4096 obsequi.
852 4035 906 4085 Der
921 4037 1001 4086 Dativ
1019 4038 1064 4089 hei
1081 4038 1183 4095 diesem
1199 4042 1320 4096 Verbum

55 4092 215 4142 bezeichnet
232 4095 370 4144 enbweder
390 4097 474 4146 etwas
487 4096 657 4157 inneciiches,
672 4099 801 4149 wodurch
816 4102 873 4152 sich
886 4103 999 4157 Jemand
1014 4118 1050 4155 zu
1064 4107 1138 4157 einer
1149 4107 1320 4172 Handiungs-

55 4159 139 4208 weise
160 4158 320 4209 bestimmen
344 4161 409 4210 la'sst
430 4163 491 4222 (wie
510 4163 602 4225 arima,
623 4166 716 4225 aunei,
739 4166 842 4232 irae),
866 4171 933 4220 oder
956 4174 1040 4223 etwas
1057 4176 1264 4237 Aeusseriiches,
1292 4178 1319 4231 in

54 4239 86 4274 so
110 4225 167 4274 1515
186 4226 274 4277 dieses
294 4229 437 4290 gleichsam
458 4231 506 4280 551
523 4232 565 4281 (115
583 4233 684 4281 Person
702 4234 834 4299 eindsingi
853 4238 909 4287 und
929 4239 976 4288 aui
992 4240 1074 4291 deren
1091 4241 1186 4291 Wiilen
1205 4243 1320 4296 Ehsiluss

54 4292 142 4341 5111511
161 4293 221 4352 (wie
237 4294 364 4356 fortunae,
385 4295 498 4359 imperio,
520 4295 648 4348 voluntati
665 4298 798 4366 alicuius).
834 4304 967 4356 Hiernach
987 4308 1022 4357 ist
1047 4305 1184 4373 ctoriae
1209 4311 1266 4362 hier
1286 4314 1319 4377 ¹in

56 4361 168 4410 11515151
184 4361 334 4425 Beziehung
351 4377 383 4412 zu
405 4363 500 4414 iassen.

125 4445 269 4512 51513.
306 4452 511 4504 Geudonare
537 4456 587 4504 mii
605 4455 692 4519 Bezug
710 4457 758 4507 551
789 4460 918 4511 securium
934 4463 1053 4528 accipere
1071 4481 1183 4531 reorum.
1210 4497 1241 4505 —
1263 4471 1319 4536 qssi

52 4515 214 4580 spiritus.
235 4519 273 4568 F.:
293 4521 336 4586 qui
353 4527 379 4568 et
395 4521 508 4586 spiritus.
535 4523 620 4585 vergi,
637 4524 727 4574 lustin.
746 4475 787 4587 hb,
803 4525 830 4586 3,
848 4526 895 4577 105
920 4532 1024 4581 secundi
1043 4535 1189 4585 certaminis
1208 4537 1320 4588 eodem

51 4584 169 4645 fortuna,
196 4601 281 4650 quae
298 4595 328 4637 et
342 4588 439 4653 prioris
456 4590 517 4652 fuit.
539 4617 570 4624 -
587 4587 612 4650 5,
633 4587 677 4651 25,
698 4588 738 4642 14.
767 4592 804 4642 Si
829 4593 913 4647 baec
940 4596 1004 4649 len.
1041 4601 1266 4661 wshrscheiniioh
1283 4608 1319 4664 111

52 4651 126 4699 nach
144 4652 235 4705 diesen
251 4655 362 4707 werten
381 4657 425 4707 515
444 4658 523 4709 Wost
536 4657 705 4722 ausgehiien,
725 4663 812 4712 otwe:
832 4662 950 4717 5551155.
