2820 4964
305 164 346 229 X.
368 163 456 227 XlX.
478 165 583 228 3—9.
602 156 766 226 ΧΧ.·10’-
778 165 826 225 19.
844 160 933 225 XXl.
952 163 1101 225 00-01.
1269 152 1344 225 dttt.

76 341 284 412 pervenerant,
296 315 438 394 Nearcho
460 332 649 413 pervicacius
670 338 772 395 tuente
792 331 975 393 senteutiam.
1007 324 1120 393 ¹³Tu'm
1134 330 1333 405 Ptolemaeus,

79 432 186 509 Dagna
203 451 332 509 prorsus
353 437 397 490 est
416 428 533 505 soboles,
556 430 659 509 iuquit,
680 450 758 507 quae
776 428 983 489 Macedonum
1006 429 1135 506 saperet
1151 428 1247 507 genti,
1269 429 1334 489 Ilo-

74 547 173 588 aanes
193 529 242 588 ael
257 528 412 589 Barsines
424 527 538 606 filius!
564 528 654 586 cuius
671 538 783 586 nomen
801 544 918 603 queque
937 527 1095 602 Europam
1123 525 1222 585 diem
1244 527 1333 603 page-

75 621 129 699 ta,
153 628 269 686 matare
290 645 328 684 ee
343 631 436 703 parte
463 625 586 702 captiui.
628 617 733 698 ¹4Est,
765 632 822 682 cur
843 623 953 682 Persas
976 612 1155 696 az‘cerdmus,
1179 630 1218 682 ut
1244 624 1337 701 stirpi

75 737 182 778 eorum
203 723 389 781 sanamus!
412 719 495 798 pared
516 720 594 778 iusti
611 710 663 780 illl
684 738 769 798 reges
794 720 916 779 Dareus
943 724 974 777 et
996 720 1113 778 Xerses
1136 725 1192 801 tot
1212 721 1335 781 melium

76 815 252 894 agminibus
274 820 427 896 tantisque
449 814 594 876 classibus
612 817 814 893 nequicquam
829 816 1015 894 palluerunt
1053 808 1159 874 ¹5Mea
1184 819 1336 878 sententia

76 911 153 972 laea
171 921 230 990 est,
260 922 299 974 ut
313 914 380 975 sede
401 913 577 974 Alexandri
599 914 634 972 in
651 914 739 990 rega'a
752 912 870 990 posita,
901 913 958 991 pai
972 913 1110 972 aanoldis
1129 914 1193 971 elus
1214 911 1335 972 adlide-

76 1006 202 1085 lantur,
223 1018 341 1084 coeant,
361 1011 546 1089 quatientia
568 1027 728 1070 commune
746 1009 884 1068 consalta
904 1026 979 1087 opus
990 1008 1119 1088 fuerit:
1137 1028 1235 1088 eoque
1255 1009 1338 1088 qnod

77 1107 180 1166 maior
193 1127 272 1186 pars
292 1127 397 1168 eorum
423 1108 601 1182 decreoar't,
623 1112 737 1180 stetur,
756 1104 846 1165 dures
858 1105 1072 1184 praefectique
1093 1098 1261 1184 copiamm
1288 1106 1336 1166 la's

53 1216 62 1231 ·
72 1210 219 1280 pareant.
252 1199 278 1241 ¹⁶
288 1205 459 1267 Ptolemaeo
472 1202 605 1284 quidam,
624 1201 785 1281 pauciores
797 1200 959 1263 Perdiccae
981 1195 1228 1264 assentiebantur.
1258 1205 1337 1263 'lum

78 1298 240 1361 Aristonus
254 1319 341 1361 orsus
353 1310 399 1364 est
410 1303 519 1375 dicere,
532 1298 740 1359 Alexandrum·
748 1297 927 1373 consultum,
944 1298 994 1359 eui
1005 1298 1190 1379 relinqueret
1201 1308 1355 1380 reguum,‘

78 1395 211 1457 voluisse
230 1397 376 1475 optimum
399 1398 498 1477 deligi
541 1396 706 1457 lodiculam
726 1401 824 1455 autem
844 1394 889 1454 ab·
901 1392 970 1474 ipso
992 1395 1139 1474 optimum
1152 1388 1336 1471 Perdiccam,

80 1492 130 1552 cui
154 1493 275 1553 aurrlum
304 1496 482 1558 tradidisset.
523 1489 661 1573 1⁷Neque
685 1493 764 1554 errirn
788 1482 884 1553 'unum
913 1512 982 1553 eum
1009 1493 1167 1554 assedisse·
1187 1493 1336 1568 morienti,

80 1588 134 1648 sed
154 1589 412 1652 circumferentem
435 1593 542 1654 oculos
567 1612 605 1652 ex
629 1579 731 1652 turba
744 1589 908 1650 amicorum
930 1588 1091 1667 delegisse,
1113 1589 1169 1650 cui
1196 1588 1336 1652 traderet.

80 1684 205 1746 Placere
224 1688 322 1767 igitur,
344 1700 488 1750 summam
500 1689 618 1768 imperii
631 1688 669 1749 ad
680 1687 853 1747 Perdiccam
873 1682 994 1746 deterri.
1031 1679 1131 1746 18Nec
1152 1682 1336 1761 dubitavere,

81 1782 153 1862 quin
174 1804 246 1845 vera
272 1792 417 1848 censeret.
459 1789 562 1867 ltaque
593 1783 725 1846 universi
752 1783 920 1862 procedere
947 1782 981 1851 in
1010 1783 1141 1843 medium
1162 1778 1338 1843 Perdiccam

80 1886 112 1938 et
131 1881 211 1959 regis
233 1882 353 1943 errulum
376 1884 483 1944 tollere
504 1883 655 1943 iubebant.
699 1881 849 1941 llaerebel
869 1880 946 1940 inter
966 1880 1157 1959 cupiditatem
1177 1879 1339 1959 pudorem·-

81 1995 149 2055 que,
169 1984 198 2037 et
217 1999 277 2058 quo
294 1981 466 2056 modestius,
486 1980 568 2061 quod
583 1979 768 2057 expectabat,
789 1983 952 2056 appeteret,
972 1978 1167 2057 pervicacius*
1181 1976 1337 2067 oblaturos

80 2090 148 2133 esse
170 2075 319 2134 credebat.
361 2072 495 2157 1⁹ltaque
509 2082 677 2136 ‘cunctatus
699 2075 821 2154 diuque,-
842 2075 914 2154 quid
936 2083 1047 2153 ageret,
1068 2076 1209 2150 incertus,
1232 2072 1272 2135 ad
1293 2073 1338 2135 ul-

79 2169 185 2230 timum
214 2177 313 2229 tanren
331 2173 464 2247 recessit,
487 2180 517 2232 et
539 2178 610 2249 post
631 2189 694 2245 eos,
715 2170 766 2248 qui
789 2170 928 2230 sederant
949 2172 1086 2250 proximi,
1112 2173 1257 2234 constitit.-
1296 2166 1299 2173 '

165 2266 254 2326 XXl.
293 2261 375 2325 ²⁰At
392 2267 562 2344 Meleager,
588 2284 666 2326 unrrs
689 2286 706 2325 e
729 2267 871 2341 ducibus,
900 2258 1078 2329 confirmato
1104 2269 1220 2344 animo,
1246 2286 1338 2349 quem

79 2360 245 2422 Perdiccae
267 2363 416 2423 cunctatio
439 2370 592 2437 erexerat,
615 2364 677 2423 ll'ec
696 2363 743 2422 dil
759 2363 875 2437 sierint,
890 2362 1001 2443 iuquit,
1022 2372 1062 2423 nt
1077 2358 1254 2425 Abscondat
1269 2367 1340 2438 for-

81 2466 162 2518 tuna
182 2460 321 2536 tantique
344 2462 436 2538 regni
451 2460 627 2540 fastigatum
650 2461 685 2519 in
709 2460 782 2519 istos
795 2458 948 2520 laumeros
975 2467 1070 2520 ruat:
1095 2455 1233 2523 lmnlnes
1260 2470 1341 2522 certe

81 2575 146 2614 non
156 2556 276 2635 serent.
319 2556 409 2615 Nihil
428 2557 494 2617 dr'co
515 2559 550 2618 de
570 2554 775 2630 nobilioribus,
794 2574 886 2633 quam
904 2556 955 2616 au
972 2562 1023 2633 est,
1041 2554 1099 2619 'sed
1117 2559 1153 2618 de
1173 2558 1250 2620 aaut
1270 2567 1340 2620 tan-

83 2658 166 2725 tum,
190 2651 420 2728 quibusmodis
439 2655 524 2714 nitet
535 2654 657 2733 perpeti
677 2670 792 2712 necesse
812 2659 863 2714 est.
885 2647 1252 2731 ·²1Necaero-³enrerat,
1274 2658 1340 2718 lla

48 2770 49 2774 ¹
83 2749 319 2826 ranesfiliam,
349 2749 530 2830 quandoque
544 2753 669 2828 genitus
687 2751 762 2824 erit,
792 2768 836 2808 an
859 2751 1040 2812 Perdiccam
1069 2748 1339 2832 regem'lraleatr's,

63 2864 177 2922 ,quum
198 2846 255 2904 iste
274 2845 328 2905 uel
348 2848 462 2906 tutelae
481 2850 576 2927 specie
597 2867 729 2926 regnum
744 2855 956 2926 occupaturus
975 2851 1023 2909 sit.
1065 2852 1172 2928 Itaque
1183 2890 1187 2897 -
1200 2842 1288 2911 reema
1312 2844 1344 2910 ei

83 2960 140 2999 rer
150 2942 262 3017 placet,
284 2943 348 3000 nisi
357 2944 561 3020 qainondam·
569 2952 664 3005 natus
683 2951 786 3019 estet
803 2946 839 3003 in
861 2952 951 3004 tanta
971 2932 1109 3007 olnnmm
1122 2947 1340 3027 fistinatt'one,

82 3056 147 3096 non
169 3039 251 3097 sustu
274 3038 369 3113 modo,
388 3039 442 3100 sed
459 3042 552 3099 etiam
574 3042 755 3111 necemare'a,
775 3048 898 3100 exactos
919 3061 1034 3102 meuses
1052 3045 1133 3104 solus
1153 3052 1294 3123 expectat
1311 3052 1344 3104 et

83 3135 148 3192 rnna
170 3135 292 3194 detranat
311 3155 430 3196 marem
450 3157 511 3196 esse
528 3144 723 3215 conceptum
750 3157 836 3215 quem
863 3157 915 3198 aas
940 3136 1082 3198 dubitetis
1102 3138 1254 3217 paratum
1281 3160 1343 3201 erre

82 3233 133 3292 uel
145 3230 288 3292 subdere!
322 3227 394 3292 ²²Se'
413 3234 623 3312 rneduesflde'us
643 3233 821 3294 Alexander
838 3233 922 3294 lunc
939 3232 1028 3294 nolis
1044 3254 1145 3314 regem
1162 3226 1224 3315 pro
1243 3230 1277 3298 re
1294 3258 1341 3298 re·

84 3329 228 3404 liquescet,
249 3329 285 3388 id
304 3331 401 3389 solum
424 3351 462 3389 ea
483 3331 539 3402 ln's,
562 3351 639 3409 quae
660 3333 843 3409 imperasset,
866 3351 930 3390 non
950 3330 1133 3400 faciendum
1157 3355 1217 3394 esse
1242 3356 1341 3396 cense-

83 3443 158 3484 rem.
195 3419 315 3494 ²³Qar²n
335 3427 436 3503 r'gitm
455 3426 500 3486 ud
519 3427 705 3504 dlrr'prendos
727 3427 882 3489 thesauros
904 3429 1100 3491 dr'searritis?
1127 3428 1239 3490 larum
1261 3434 1343 3492 enlm

84 3540 176 3599 opum
188 3523 345 3600 regiarum
367 3523 472 3600 utique
487 3525 623 3602 populus
641 3532 685 3585 est
706 3524 798 3587 lares.
833 3520 949 3587 ²4flaec
969 3527 1130 3606 eloqurrtus
1151 3548 1207 3606 per
1226 3528 1342 3589 medios

157 3686 315 3749 10,·20,13.
351 3689 644 3739 rl'omen—-dicere
674 3694 700 3739 S.
720 3688 744 3753 6,
764 3689 804 3752 30,
823 3689 869 3742 36:
894 3692 962 3741 solus
978 3693 1081 3755 fastidit
1100 3711 1154 3743 eura
1174 3695 1341 3760 (sennonem)

84 3754 207 3806 elicere.
227 3785 255 3794 -
291 3755 459 3816 10,00,11.
487 3757 563 3818 Est,
586 3775 650 3809 car.
681 3760 719 3809 P.:
746 3775 799 3808 cur.
833 3762 886 3810 Der
901 3762 1041 3810 ausdruck
1062 3766 1138 3823 pcsst
1154 3777 1187 3811 zu
1206 3765 1254 3813 der
1274 3777 1342 3826 gan-

84 3837 135 3873 zen
155 3825 286 3874 schrollcn
310 3827 364 3874 und
383 3826 484 3875 raulren
505 3828 624 3890 Fassuog
642 3828 691 3877 der
709 3828 788 3876 llede.
808 3854 837 3865 -
873 3827 1033 3889 100015.
1063 3829 1191 3890 Statue,
1217 3833 1269 3880 wie
1288 3832 1343 3880 le.

85 3891 110 3952 7,
124 3889 164 3951 35,
175 3889 206 3939 2:
227 3891 269 3939 uti
285 3893 434 3941 sententiam
452 3910 533 3942 meam
549 3893 619 3942 eolis
635 3911 766 3960 parspere,
783 3902 841 3957 tum,
863 3895 951 3961 pallus
970 3897 1056 3945 eadm
1070 3895 1214 3963 placebunt,
1232 3898 1261 3946 in
1277 3897 1343 3946 dea-

86 3967 157 4013 trmn¹
188 3967 269 4009 ortem
287 3961 361 4008 taciti
380 3961 538 4011 transilitis:
557 3979 621 4027 quac
640 3980 704 4028 pars
721 3963 807 4013 mator
822 3964 880 4024 erit,
901 3981 932 4012 eo
953 3963 1110 4013 stabitur
1130 3963 1283 4016 castellio.
1307 3965 1342 4015 lb.

85 4022 128 4088 34,
147 3976 187 4086 ll,
206 4026 248 4076 13:
269 4028 299 4075 de
316 4028 365 4077 leuc
382 4045 411 4076 re
428 4030 472 4079 vos
491 4029 605 4091 corrulo,
625 4038 785 4081 staturus
805 4048 857 4092 eo,
876 4031 945 4097 quod
958 4030 1047 4098 plures
1067 4032 1221 4085 censueritis.
1247 4033 1284 4082 lb.
1302 4031 1343 4095 07,

84 4091 109 4155 6,
127 4090 157 4142 9;
178 4102 305 4159 postremo
326 4096 365 4145 ita
388 4097 513 4157 correentt,
538 4105 566 4149 ut
585 4114 636 4158 οο,
664 4099 733 4164 quod
751 4100 887 4149 aemularer
912 4107 1025 4160 unctus,
1053 4107 1220 4157 staretur.
1239 4128 1271 4138 -
1305 4098 1345 4163 10,

84 4159 127 4223 00,
147 4159 186 4212 16.
204 4161 398 4231 Pauclores.
416 4166 456 4215 F.:
468 4166 589 4232 potiores.
611 4194 639 4203 -
670 4166 711 4227 10,
731 4166 771 4227 m,
792 4165 829 4218 18.
848 4166 1079 4227 Pervicacius.
1101 4171 1127 4218 S.
1147 4184 1180 4219 zu
1198 4164 1225 4228 3,
1242 4165 1286 4229 08,
1303 4166 1343 4220 01.

156 4252 196 4312 10,
215 4252 256 4317 01,
274 4253 316 4305 00.
352 4256 424 4323 Nea.
454 4260 486 4307 S..
498 4273 531 4309 zu
549 4256 575 4318 7,
592 4257 633 4317 05,
653 4255 677 4309 1.
698 4288 730 4295 -
761 4258 820 4309 lale.
856 4260 932 4309 Doclr
946 4259 1032 4319 heisst
1052 4275 1081 4313 es
1097 4259 1139 4320 10,
1157 4257 1198 4326 03,
1218 4257 1248 4310 8;
1276 4260 1343 4309 Per-

86 4321 187 4369 diccam
205 4329 229 4370 et
245 4322 410 4385 Leonnatum,
429 4326 533 4390 stirpe
549 4326 648 4391 reale
665 4328 771 4392 penitas.
790 4354 817 4363 -
843 4325 884 4386 10,
903 4324 947 4387 01,
964 4324 1005 4376 01.
1027 4326 1065 4376 ln
1085 4336 1184 4378 tanta
1204 4329 1347 4378 omnium

85 4389 331 4451 festinatione.
361 4395 386 4443 S.
403 4391 429 4453 7,
448 4391 486 4453 10,
504 4391 549 4442 1οε
568 4394 602 4443 in
621 4401 719 4443 lanto
741 4402 827 4443 terrae
843 4394 938 4459 ripere.
954 4392 980 4453 7,
998 4392 1039 4457 05,
1059 4393 1088 4447 9.·
1108 4398 1144 4447 ia
1164 4402 1257 4447 tanto
1275 4396 1346 4447 utri-

86 4473 167 4521 usque
182 4460 266 4523 partis
288 4460 431 4511 certamine.
454 4459 591 4524 7,10,13;
612 4461 647 4510 la
665 4462 725 4513 leae
743 4463 822 4515 omnis
842 4461 946 4519 1οηαηί
958 4460 1041 4511 cultus
1057 4464 1202 4517 solitudine.
1223 4462 1344 4525 7,1·2,-8.

87 4526 121 4573 la
139 4526 205 4574 nudo
225 4527 302 4577 etlam
320 4529 410 4578 montis
426 4529 514 4579 dorso..
532 4528 765 4581 -dulritetie
790 4531 832 4580 ll:
853 4529 984 4581 dubitatis.
1013 4532 1150 4593 vieneicm
1169 4534 1203 4583 ist
1221 4548 1261 4585 ne
1279 4547 1347 4583 aus-

87 4593 206 4656 gelallen.
398 4592 402 4603 '
495 4594 499 4603 '
567 4620 570 4627 ·
683 4594 686 4599 ’
918 4618 920 4625 ·
1040 4622 1043 4629 ·
