2820 4964
103 194 168 259 aas
280 194 284 199 ·
584 195 622 272 p.
642 188 776 251 cunru
794 187 888 251 num

103 364 178 427 novi
191 362 284 439 succi,
307 361 416 423 adhoc
437 360 549 421 itineris
569 358 658 420 labor
679 364 710 419 et
730 355 888 435 aegritudo
907 352 998 415 animi
1019 352 1218 431 vulgaverant
1235 352 1367 429 morbos,

105 470 135 523 et
158 480 216 521 nec
239 478 358 519 manere
380 458 444 517 sine
466 457 552 517 clade
572 476 629 516 nec
651 452 795 533 progredi
816 456 969 529 poterant:
992 454 1146 509 manentes
1169 448 1284 526 tames,
1304 468 1368 529 pro-

106 554 343 634 gressosacrior
363 552 532 632 pestilentia
551 551 686 629 urgebat.
727 543 840 626 “Ergo
862 544 946 606 strati
963 550 1047 605 erant
1067 544 1169 623 campi
1190 566 1291 624 paene
1310 546 1370 625 plu·

109 654 194 715 ribus
216 649 374 723 semivivis,
398 668 487 728 quam
509 646 713 707 cadaveribus.
757 644 803 705 Ac
826 663 866 703 ne
895 640 992 701 levius
1020 641 1143 721 quidem
1171 643 1260 723 aegri
1291 641 1371 723 sequi

110 753 264 829 poterant:
287 748 399 826 quippe
419 764 525 822 agmen
544 742 651 821 raptim
674 742 826 820 agebatur,
848 745 961 801 tautum
982 736 1108 816 singulis
1127 739 1167 799 ad
1187 758 1281 818 spem
1299 739 1371 801 salu

109 848 146 907 tis
169 845 252 923 ipsos
276 842 425 921 proficere
446 838 644 912 credentibus,
664 844 805 917 quantum
827 835 940 897 itineris
960 834 1128 895 festinando
1150 836 1370 915 praeciperent

110 938 134 980 ¹⁵
144 942 238 1020 lgitur
261 938 312 1018 qui
332 938 516 1009 deiecerant,
538 938 628 993 notos
649 932 843 1013 ignotosque,
862 938 895 991 ut
915 929 1130 1005 allevarentur,
1151 931 1304 993 orabant:
1322 932 1368 993 sed

109 1059 167 1101 neo
188 1038 321 1097 iumenta
342 1038 440 1105 erant,
469 1030 577 1111 quibus
598 1029 697 1108 excipi
719 1036 856 1108 possent,
888 1035 918 1087 et
939 1026 1025 1087 miles
1044 1026 1094 1087 vix
1116 1048 1204 1089 arma
1228 1028 1368 1107 portabat

111 1130 350 1209 imminentisque
372 1132 401 1186 et
426 1126 498 1204 ipsis
518 1124 610 1185 facies
629 1124 700 1185 mali
722 1130 791 1185 ante
813 1123 922 1185 oculos
943 1128 1014 1182 erat.
1061 1122 1144 1203 Ergo
1171 1124 1304 1203 saepius
1327 1144 1369 1185 re

111 1228 221 1303 vocati,
240 1246 279 1286 ne
298 1221 449 1301 respicere
462 1219 581 1300 quidem
603 1238 675 1281 suos
691 1221 884 1293 sustinebant,
903 1217 1109 1281 misericordia
1130 1220 1162 1279 in
1181 1221 1368 1295 formidinem

112 1344 208 1387 versa.
248 1316 326 1381 ¹⁶llti
338 1317 435 1379 relicti
455 1316 529 1377 deos
554 1324 645 1377 testes
667 1323 697 1376 et
718 1336 804 1377 sacra
826 1316 996 1379 conrmunia
1012 1316 1152 1397 regisque
1172 1316 1368 1397 implorabant

113 1442 219 1501 opem,
240 1433 393 1499 qrrrrmque
413 1412 524 1473 trustra
546 1413 653 1475 surdas
672 1432 760 1473 aures
780 1412 952 1490 fatigarent,
974 1413 1005 1473 in
1024 1413 1138 1475 rabiem
1161 1413 1368 1495 desperatione

113 1518 207 1593 versi,
229 1533 331 1595 parem
352 1529 409 1571 suo
433 1508 543 1571 exitum
567 1509 736 1591 similesque
758 1508 831 1589 ipsis
851 1510 966 1571 amicos
992 1515 1023 1571 et
1043 1510 1284 1573 contubernales
1310 1530 1367 1591 pre

112 1618 264 1677 cabantur.

198 1710 278 1769 de.
323 1700 435 1778 ¹⁷llex,
465 1702 572 1764 dolore
594 1702 684 1763 simul
706 1722 741 1763 ac
762 1702 880 1781 pudore
909 1702 1015 1763 anxius
1022 1750 1031 1779 ,
1060 1703 1132 1783 quia
1155 1722 1254 1767 cause
1279 1712 1365 1767 unae

115 1806 210 1869 cladis
234 1806 299 1884 ipse
321 1807 417 1875 esset,
439 1799 477 1859 ad
497 1800 755 1877 Phrataplrernen,
776 1800 1003 1860 Partlrienorum
1021 1806 1178 1877 satrapen,
1211 1801 1309 1877 misit,
1325 1800 1365 1881 qui

115 1905 233 1966 iuberet
253 1898 375 1961 camelis
397 1903 484 1957 cocta
510 1894 621 1955 cibaria
639 1896 760 1955 afferre:
786 1896 862 1955 alios
889 1893 1077 1955 finitimarum
1105 1895 1273 1974 regionum
1292 1918 1365 1979 pree

117 2002 213 2062 lectos
243 1996 390 2059 certiores
416 1991 601 2054 necessitatis
633 2010 705 2051 suae
737 1991 816 2052 fecit.
865 1984 969 2051 ¹8Nec
1000 1998 1150 2053 cessatum
1180 2002 1232 2057 est
1257 1995 1296 2055 ab
1321 1995 1364 2055 lis

115 2098 218 2176 ltaque
242 2096 319 2154 tame
349 2091 501 2151 dumtaxat
531 2087 697 2149 vindicatus
726 2088 876 2149 exercitus
905 2086 1024 2147 tandem
1050 2072 1277 2153 islGedrosiae
1302 2092 1364 2153 fines

117 2191 301 2271 perducitur.
329 2186 469 2247 Omnium
483 2204 582 2245 rerum
598 2184 664 2245 sola
686 2184 793 2245 fertilis
813 2182 897 2261 regio
919 2189 978 2253 est;
999 2182 1030 2243 in
1053 2203 1112 2263 qua
1134 2186 1248 2247 stativa
1267 2185 1364 2259 babuit

117 2294 151 2349 ut
170 2291 294 2344 vexatos
316 2282 425 2343 milites
441 2281 542 2362 quiete
563 2280 702 2342 tirmaret.
741 2276 832 2340 191111
853 2279 997 2340 Leonnati
1018 2278 1132 2341 litteras
1153 2282 1287 2363 accepit,
1306 2301 1366 2347 cote

116 2382 229 2446 dixisse
245 2381 344 2460 ipsum
366 2397 435 2439 cum
456 2382 526 2437 octo
549 2374 669 2436 milibus
687 2376 821 2454 peditum
844 2384 874 2437 et
893 2375 1036 2436 trecentis
1055 2376 1211 2457 equitibus
1224 2380 1364 2441 Oritarnm

117 2498 267 2563 prospero
291 2480 407 2536 eventu.
439 2470 608 2533 Acratero
629 2492 750 2552 quoque
770 2472 890 2533 nuntius
910 2472 1001 2546 venit,
1022 2472 1139 2535 Ozinen
1157 2485 1189 2537 et
1201 2478 1364 2557 Zariaspen,

118 2577 234 2640 nobiles
256 2576 381 2643 Persas,
403 2568 601 2629 detectionem
622 2569 778 2630 molientes
801 2588 967 2648 oppressos
986 2590 1005 2629 a
1026 2588 1075 2645 se,
1097 2570 1128 2629 in
1146 2570 1281 2637 vinculis
1302 2591 1365 2637 esse.

117 2672 148 2715 ²⁰
156 2669 332 2751 Praeposito
362 2667 452 2745 igitur
481 2664 598 2741 regioni
619 2665 752 2743 Sibyrtio
780 2665 921 2746 (namque
941 2667 1069 2741 ltlenon,
1096 2669 1276 2745 praelectus
1303 2670 1365 2743 eius,

116 2789 214 2852 nuper
233 2765 384 2829 interierat
404 2761 539 2836 morbo),
570 2760 600 2819 in
623 2761 808 2821 Garnraniarn
831 2760 896 2840 ipse
919 2762 1076 2841 processit.
1112 2756 1291 2845 ²¹Aspastes
1313 2772 1367 2827 erat

118 2876 252 2946 satrapes
273 2861 385 2943 gentis,
407 2866 566 2939 suspectus
585 2877 634 2918 res
656 2877 767 2918 novare
785 2857 930 2934 voluisse,
964 2858 1035 2919 dum
1055 2858 1087 2919 in
1105 2860 1191 2923 lndia
1209 2882 1268 2925 rex
1290 2870 1366 2925 esset.
1409 2861 1410 2864 ’

188 3084 213 3146 9,
229 3080 271 3145 40,
293 3078 331 3130 ll.
353 3076 609 3143 Praeciperent.
627 3077 668 3127 lt:
686 3074 870 3142 ps'aen'perent.
889 3080 914 3126 S.
935 3090 967 3125 zu
985 3074 1009 3137 4,
1028 3075 1051 3137 1,
1070 3075 1093 3127 3,
1112 3106 1144 3115 -
1164 3078 1191 3141 9,
1210 3077 1259 3143 40,
1281 3080 1319 3133 15ο
1336 3079 1369 3129 Ε,

122 3156 132 3203 1
160 3154 216 3202 sis.
239 3153 278 3200 R:
297 3149 374 3196 etiam
394 3146 462 3211 ipsis.
504 3146 539 3193 So
560 3145 631 3193 steht
651 3144 767 3209 etipse
787 3144 829 3193 bei
849 3146 876 3193 C.
895 3142 919 3205 3,
938 3142 962 3205 8,
981 3141 1021 3195 94.
1047 3142 1070 3208 4,
1090 3144 1128 3209 18,
1146 3145 1172 3197 7,
1196 3146 1224 3211 5,
1244 3146 1328 3209 223·
1349 3146 1369 3197 7,

121 3172 183 3284 618.
209 3217 233 3280 9,
255 3214 352 3275 3111.
389 3214 487 3261 Ferner
507 3209 530 3271 3,
550 3209 591 3271 95,
607 3208 636 3258 9τ
657 3210 774 3259 redditur
792 3218 822 3261 et
840 3226 857 3260 a
876 3210 1054 3261 Macedonibus
1072 3214 1200 3279 (clamor).
1221 3214 1251 3277 1,
1272 3216 1316 3279 31,
1330 3213 1369 3265 2¹2:

123 3295 160 3338 est
180 3295 212 3336 et
230 3282 326 3334 alind
343 3279 490 3329 Hammonis
507 3294 599 3327 nenne.
627 3274 650 3339 4,
671 3275 712 3340 41,
731 3277 777 3328 191
804 3280 893 3339 (Daret
913 3283 988 3341 uuor)
1004 3280 1177 3332 intereamus
1199 3290 1227 3333 et
1252 3286 1371 3352 virginae

122 3354 236 3421 filiaram
254 3366 343 3400 msrnus
362 3346 478 3413 collapsa
493 3353 557 3406 erat,
575 3345 694 3394 deiude
714 3354 744 3394 et
765 3346 930 3395 extincta.
957 3344 981 3409 5,
1001 3344 1106 3411 11301
1125 3350 1235 3400 simul
1252 3360 1284 3402 et
1298 3352 1371 3403 Pisi-

124 3422 211 3474 latas
231 3448 262 3456 -
281 3418 406 3467 diversam
415 3415 465 3463 iter
476 3413 577 3479 ingredi
585 3413 675 3461 iussus.
701 3412 724 3474 5,
742 3410 786 3473 ⁸27,
807 3412 1036 3465 11:1vartasanes
1052 3415 1155 3466 intes-ies
1172 3416 1289 3485 elapsus,
1308 3435 1372 3469 ηιμ

122 3498 155 3540 et
170 3490 296 3540 Bessus
314 3489 488 3548 consequutus.
507 3482 531 3541 9,
546 3478 587 3541 38,
604 3478 633 3529 9:
651 3481 789 3530 interim
811 3488 841 3529 et
867 3479 966 3530 urbes
1015 3480 1183 3551 laresque
1206 3486 1372 3537 condidit,

124 3554 241 3621 10,1,o:
260 3552 318 3603 sed
346 3558 375 3600 et
400 3556 626 3599 accusatores
654 3565 695 3597 eas
722 3564 735 3596 e
755 3548 891 3615 provincia
914 3500 1088 3614 sequelantur.
1110 3579 1138 3589 -
1164 3548 1314 3617 941116,
1336 3552 1374 3605 Es

119 3640 233 3675 sacra.
262 3623 300 3671 F.:
321 3634 406 3669 sacra.
428 3645 456 3655 —
478 3616 598 3665 surdas
616 3632 721 3669 aures.
742 3619 767 3666 S.
788 3632 820 3665 zu
841 3615 866 3677 4,
885 3612 927 3677 40,
947 3614 986 3668 17.

187 3715 212 3779 9,
230 3712 271 3773 41,
291 3710 329 3761 17.
369 3709 504 3759 Pudore.
537 3708 610 3757 tinch
628 3708 686 3757 hier
704 3707 873 3771 hesehutdigt
892 3722 953 3758 men
973 3709 1023 3759 den
1044 3709 1081 3759 ΑΙ.
1101 3709 1171 3760 ohne
1189 3712 1288 3765 Grund
1305 3716 1375 3765 elnes

120 3787 199 3838 eitlen
213 3782 359 3844 Ehrgeizcs.
374 3805 405 3815 -
426 3775 692 3827 Parthienoram.
713 3778 738 3825 Z.
755 3776 806 3839 gab
819 3774 1028 3839 Parthyenornm.
1049 3777 1073 3827 l'.
1094 3775 1261 3830 Parthorum.
1274 3808 1303 3819 —
1322 3782 1376 3831 iu·

123 3853 224 3903 beret.
241 3850 326 3900 Viell.:
338 3845 459 3898 iuberent.
471 3871 499 3881 -
518 3842 615 3892 alios.
625 3843 664 3893 F.:
677 3841 744 3892 alios
756 3859 860 3909 qnoque.
871 3872 901 3882 -
914 3840 938 3905 9,
949 3840 989 3906 41,
1003 3842 1042 3894 18.
1057 3842 1254 3899 Cedrosiae.
1272 3850 1314 3901 R:
1326 3849 1376 3899 Ge·

120 3922 230 3971 drosiae.
249 3919 321 3967 Nach
332 3918 379 3965 der
392 3912 597 3977 gewohnlichen,
616 3912 679 3961 sehr
696 3916 743 3974 gut
761 3911 947 3974 begtaubigten
960 3912 1105 3976 Erza'htung
1120 3914 1176 3963 tres
1186 3916 1238 3967 das
1255 3918 1375 3981 Unglttol.

120 3991 236 4041 welches
254 3984 414 4050 geschitdert
440 3981 561 4038 worden,
589 3980 640 4029 den
661 3979 730 4029 Alex.
757 3980 855 4042 gerade
874 3980 901 4028 in
919 3981 1066 4033 Gedrosien
1094 3980 1143 4029 ant
1164 3982 1228 4033 darn
1257 3986 1375 4036 usmeta

120 4059 187 4108 nach
199 4058 248 4107 der
257 4051 419 4116 Hauptstadt
435 4047 583 4102 desselben.
596 4048 671 4096 Pura.
703 4048 765 4097 Hier
780 4047 910 4097 erreichte
921 4061 950 4097 es
963 4048 1021 4097 sein
1030 4048 1110 4097 Ende.
1139 4050 1201 4101 blan
1211 4054 1375 4111 vermutbet‚

120 4126 183 4175 dass
197 4125 267 4174 Pura
287 4126 358 4171 etwa
377 4119 438 4169 dem
454 4117 577 4179 beutigen
596 4116 722 4177 Bunpoor
739 4115 905 4176 entsprectre.
922 4141 949 4153 -·
969 4130 1000 4163 so
1011 4113 1051 4165 la.
1085 4115 1167 4165 Allaiu
1186 4118 1215 4167 in
1236 4120 1290 4169 der
1306 4134 1376 4183 gan-

120 4207 167 4244 zen
181 4189 349 4253 Umgebung,
369 4200 398 4236 es
418 4199 474 4233 war
496 4184 633 4234 einettase
654 4183 679 4230 in
695 4183 743 4232 der
752 4183 854 4231 Witste.
881 4183 1017 4233 Vietleicht
1037 4184 1071 4233 ist
1088 4181 1159 4231 illa
1175 4198 1209 4233 zu
1221 4187 1375 4239 sobroiben.

184 4279 210 4339 9,
231 4276 274 4339 41,
296 4275 334 4328 19.
371 4274 526 4341 Accepit.
551 4277 590 4325 F.:
614 4274 715 4341 accipit.
733 4300 765 4308 -
793 4273 967 4323 trecentis.
998 4273 1038 4323 l'.:
1056 4274 1205 4339 quingentis.
1227 4302 1258 4317 -
1295 4278 1374 4329 ori-

119 4355 231 4396 taram
250 4348 285 4396 ist
305 4344 372 4395 atich
390 4345 447 4393 hier
467 4357 500 4392 zu
519 4343 656 4403 screiben;
677 4356 698 4393 s.
716 4355 748 4389 zu
765 4337 790 4397 9,
807 4338 848 4399 99,
866 4338 889 4390 6.
909 4369 941 4377 -
962 4339 1114 4391 Cratero.
1140 4343 1190 4393 Die
1207 4342 1375 4411 Erwahnung

117 4415 220 4465 kommt
237 4411 442 4471 aberraschend,
472 4411 507 4460 da
526 4414 553 4460 c,
574 4410 665 4460 bisher
684 4409 751 4459 uber
768 4408 820 4459 den
836 4411 890 4471 Zug
915 4409 963 4461 des
984 4410 1111 4461 Craterus
1135 4422 1203 4472 ganz
1219 4414 1374 4475 geschwie-

116 4496 175 4544 gen.
203 4484 228 4532 S.
245 4496 278 4530 zu
296 4478 320 4539 9,
338 4478 378 4537 311,
399 4475 422 4527 l.
440 4505 469 4512 -
490 4476 513 4539 9,
534 4476 576 4539 41,
595 4474 637 4527 ¹20.
673 4475 795 4525 Menon.
823 4477 940 4527 Andere:
965 4474 1090 4527 dimaon.
1128 4478 1273 4543 Unstreitlg
1296 4483 1373 4535 iden-

118 4548 184 4598 tiscb
211 4551 260 4597 mit
280 4548 341 4596 dem
363 4545 387 4608 7,
418 4543 457 4601 11,
481 4543 498 4594 5
521 4549 672 4609 genannten
691 4544 879 4595 Betehlshaber
904 4544 932 4594 in
950 4544 1121 4597 Arachosios.
1149 4572 1181 4581 -
1214 4542 1243 4607 9,
1268 4546 1372 4611 41,91.

118 4610 516 4682 Suspectus-caluisse.
541 4616 566 4663 S.
589 4610 631 4671 10,
651 4609 678 4671 5,
697 4608 745 4663 39;
769 4628 874 4675 regnum
890 4612 1082 4675 affectasse
1099 4618 1290 4679 suspectus.
