<?xml version="1.0" encoding="UTF-8"?>
<!DOCTYPE html PUBLIC "-//W3C//DTD XHTML 1.0 Transitional//EN"
    "http://www.w3.org/TR/xhtml1/DTD/xhtml1-transitional.dtd">
<html xmlns="http://www.w3.org/1999/xhtml" xml:lang="en" lang="en">
 <head>
  <title>
</title>
<meta http-equiv="Content-Type" content="text/html;charset=utf-8" />
  <meta name='ocr-system' content='tesseract 3.04.00' />
  <meta name='ocr-capabilities' content='ocr_page ocr_carea ocr_par ocr_line ocrx_word'/>
</head>
<body>
  <div class='ocr_page' id='page_1' title='image "./qcurtiirufidege00mtgoog_0283.png"; bbox 0 0 2820 5002; ppageno 0'>
   <div class='ocr_carea' id='block_1_1' title="bbox 66 187 1324 265">
    <p class='ocr_par' dir='ltr' id='par_1_1' title="bbox 66 187 1324 265">
     <span class='ocr_line' id='line_1_1' title="bbox 66 187 1324 265; baseline 0.011 -14"><span class='ocrx_word' id='word_1_1' title='bbox 66 190 144 256; x_wconf 82' lang='lat' dir='ltr'><em>vm.</em></span> <span class='ocrx_word' id='word_1_2' title='bbox 154 187 457 254; x_wconf 68' lang='lat' dir='ltr'><em>xxvsnxxvn.</em></span> <span class='ocrx_word' id='word_1_3' title='bbox 465 192 549 257; x_wconf 81' lang='lat'><strong>9-13.</strong></span> <span class='ocrx_word' id='word_1_4' title='bbox 559 190 707 257; x_wconf 80' lang='lat' dir='ltr'><strong>xxvnl.</strong></span> <span class='ocrx_word' id='word_1_5' title='bbox 716 195 820 258; x_wconf 84' lang='grc'><strong>14-19.</strong></span> <span class='ocrx_word' id='word_1_6' title='bbox 828 192 949 257; x_wconf 84' lang='lat' dir='ltr'><em>XX1X.</em></span> <span class='ocrx_word' id='word_1_7' title='bbox 956 196 1063 260; x_wconf 71' lang='lat'><em>2928.</em></span> <span class='ocrx_word' id='word_1_8' title='bbox 1070 195 1174 260; x_wconf 87' lang='lat' dir='ltr'><em>XXX.</em></span> <span class='ocrx_word' id='word_1_9' title='bbox 1183 201 1208 262; x_wconf 91' lang='lat'><em>1.</em></span> <span class='ocrx_word' id='word_1_10' title='bbox 1217 202 1246 262; x_wconf 87' lang='lat'><em>2.</em></span> <span class='ocrx_word' id='word_1_11' title='bbox 1259 198 1324 265; x_wconf 73' lang='lat'><em>275</em></span> 
     </span>
    </p>
   </div>
   <div class='ocr_carea' id='block_1_2' title="bbox 60 310 1321 446">
    <p class='ocr_par' dir='ltr' id='par_1_2' title="bbox 60 310 1321 446">
     <span class='ocr_line' id='line_1_2' title="bbox 60 310 1321 446; baseline 0.006 -25"><span class='ocrx_word' id='word_1_12' title='bbox 60 359 136 438; x_wconf 71' lang='lat' dir='ltr'><em>quid</em></span> <span class='ocrx_word' id='word_1_13' title='bbox 159 359 209 420; x_wconf 87' lang='lat' dir='ltr'><em>dii</em></span> <span class='ocrx_word' id='word_1_14' title='bbox 226 359 437 438; x_wconf 83' lang='lat' dir='ltr'><em>respondeant,</em></span> <span class='ocrx_word' id='word_1_15' title='bbox 463 361 499 419; x_wconf 91' lang='lat' dir='ltr'><em>in</em></span> <span class='ocrx_word' id='word_1_16' title='bbox 518 379 587 422; x_wconf 91' lang='lat' dir='ltr'><em>mea</em></span> <span class='ocrx_word' id='word_1_17' title='bbox 600 368 751 439; x_wconf 70' lang='lat' dir='ltr'><em>potestate</em></span> <span class='ocrx_word' id='word_1_18' title='bbox 774 365 841 424; x_wconf 74' lang='lat' dir='ltr'><em>nt?</em></span> <span class='ocrx_word' id='word_1_19' title='bbox 885 310 1003 423; x_wconf 86' lang='lat' dir='ltr'><em>Obtulit</em></span> <span class='ocrx_word' id='word_1_20' title='bbox 1022 383 1133 425; x_wconf 85' lang='lat' dir='ltr'><em>nomen</em></span> <span class='ocrx_word' id='word_1_21' title='bbox 1143 367 1216 446; x_wconf 87' lang='lat' dir='ltr'><em>filii</em></span> <span class='ocrx_word' id='word_1_22' title='bbox 1227 368 1321 439; x_wconf 79' lang='lat' dir='ltr'><em>miii,-</em></span> 
     </span>
    </p>
   </div>
   <div class='ocr_carea' id='block_1_3' title="bbox 55 454 1324 3334">
    <p class='ocr_par' dir='ltr' id='par_1_3' title="bbox 56 454 1324 2273">
     <span class='ocr_line' id='line_1_3' title="bbox 58 454 1324 540; baseline 0.005 -21"><span class='ocrx_word' id='word_1_23' title='bbox 58 458 195 535; x_wconf 66' lang='grc' dir='ltr'><em>κοίρανε</em></span> <span class='ocrx_word' id='word_1_24' title='bbox 215 457 290 535; x_wconf 76' lang='lat' dir='ltr'><em>spn&#39;s</em></span> <span class='ocrx_word' id='word_1_25' title='bbox 311 454 409 529; x_wconf 84' lang='lat' dir='ltr'><em>rebsu,</em></span> <span class='ocrx_word' id='word_1_26' title='bbox 435 475 511 534; x_wconf 87' lang='lat' dir='ltr'><em>quas</em></span> <span class='ocrx_word' id='word_1_27' title='bbox 535 458 665 534; x_wconf 73' lang='lat' dir='ltr'><em>agimus,</em></span> <span class='ocrx_word' id='word_1_28' title='bbox 691 458 779 519; x_wconf 86' lang='lat' dir='ltr'><em>baud</em></span> <span class='ocrx_word' id='word_1_29' title='bbox 806 459 944 519; x_wconf 62' lang='lat' dir='ltr'><em>nanum</em></span> <span class='ocrx_word' id='word_1_30' title='bbox 964 458 1048 540; x_wconf 86' lang='lat' dir='ltr'><em>fas&#39;t.</em></span> <span class='ocrx_word' id='word_1_31' title='bbox 1096 463 1222 523; x_wconf 83' lang='lat' dir='ltr'><em>Utinam</em></span> <span class='ocrx_word' id='word_1_32' title='bbox 1249 464 1324 526; x_wconf 87' lang='lat' dir='ltr'><em>Indi</em></span> 
     </span>
     <span class='ocr_line' id='line_1_4' title="bbox 58 552 1321 639; baseline 0.008 -27"><span class='ocrx_word' id='word_1_33' title='bbox 58 570 179 632; x_wconf 68' lang='lat' dir='ltr'><em>quoquae</em></span> <span class='ocrx_word' id='word_1_34' title='bbox 203 552 293 613; x_wconf 86' lang='lat' dir='ltr'><em>deum</em></span> <span class='ocrx_word' id='word_1_35' title='bbox 315 571 376 613; x_wconf 85' lang='lat' dir='ltr'><em>esse</em></span> <span class='ocrx_word' id='word_1_36' title='bbox 398 571 447 610; x_wconf 88' lang='lat' dir='ltr'><em>me</em></span> <span class='ocrx_word' id='word_1_37' title='bbox 472 553 618 613; x_wconf 84' lang='lat' dir='ltr'><em>credant!</em></span> <span class='ocrx_word' id='word_1_38' title='bbox 659 556 761 615; x_wconf 87' lang='lat' dir='ltr'><em>Fama</em></span> <span class='ocrx_word' id='word_1_39' title='bbox 785 557 868 615; x_wconf 88' lang='lat' dir='ltr'><em>enim</em></span> <span class='ocrx_word' id='word_1_40' title='bbox 893 553 972 616; x_wconf 88' lang='lat' dir='ltr'><em>bella</em></span> <span class='ocrx_word' id='word_1_41' title='bbox 998 565 1148 633; x_wconf 78' lang='lat' dir='ltr'><em>constant,</em></span> <span class='ocrx_word' id='word_1_42' title='bbox 1178 564 1215 618; x_wconf 86' lang='lat' dir='ltr'><em>et</em></span> <span class='ocrx_word' id='word_1_43' title='bbox 1233 579 1321 639; x_wconf 87' lang='lat' dir='ltr'><em>saepe</em></span> 
     </span>
     <span class='ocr_line' id='line_1_5' title="bbox 57 645 1321 728; baseline 0.006 -21"><span class='ocrx_word' id='word_1_44' title='bbox 57 651 163 725; x_wconf 69' lang='lat' dir='ltr'><em>mam,</em></span> <span class='ocrx_word' id='word_1_45' title='bbox 183 647 363 728; x_wconf 85' lang='lat' dir='ltr'><em>quodfalso</em></span> <span class='ocrx_word' id='word_1_46' title='bbox 382 648 531 709; x_wconf 87' lang='lat' dir='ltr'><em>creditam</em></span> <span class='ocrx_word' id='word_1_47' title='bbox 550 657 601 725; x_wconf 92' lang='lat' dir='ltr'><em>est,</em></span> <span class='ocrx_word' id='word_1_48' title='bbox 629 653 698 711; x_wconf 82' lang='lat' dir='ltr'><em>ueri</em></span> <span class='ocrx_word' id='word_1_49' title='bbox 715 653 810 712; x_wconf 77' lang='lat' dir='ltr'><em>oseem</em></span> <span class='ocrx_word' id='word_1_50' title='bbox 830 650 970 712; x_wconf 74' lang='lat' dir='ltr'><em>obtinuit.</em></span> <span class='ocrx_word' id='word_1_51' title='bbox 1002 645 1085 712; x_wconf 77' lang='lat' dir='ltr'><em>¹⁶An</em></span> <span class='ocrx_word' id='word_1_52' title='bbox 1107 672 1156 713; x_wconf 91' lang='lat' dir='ltr'><em>me</em></span> <span class='ocrx_word' id='word_1_53' title='bbox 1171 655 1321 720; x_wconf 68' lang='lat' dir='ltr'><em>lamnae</em></span> 
     </span>
     <span class='ocr_line' id='line_1_6' title="bbox 57 745 1321 827; baseline 0.009 -23"><span class='ocrx_word' id='word_1_54' title='bbox 57 745 274 825; x_wconf 72' lang='lat' dir='ltr'><em>indulgentem</em></span> <span class='ocrx_word' id='word_1_55' title='bbox 287 748 411 824; x_wconf 86' lang='lat' dir='ltr'><em>putatis</em></span> <span class='ocrx_word' id='word_1_56' title='bbox 436 765 528 805; x_wconf 86' lang='lat' dir='ltr'><em>arma</em></span> <span class='ocrx_word' id='word_1_57' title='bbox 548 754 650 807; x_wconf 88' lang='lat' dir='ltr'><em>oestro</em></span> <span class='ocrx_word' id='word_1_58' title='bbox 676 764 755 808; x_wconf 91' lang='lat' dir='ltr'><em>auro</em></span> <span class='ocrx_word' id='word_1_59' title='bbox 778 755 965 827; x_wconf 68' lang='lat' dir='ltr'><em>argentoque</em></span> <span class='ocrx_word' id='word_1_60' title='bbox 984 749 1172 813; x_wconf 82' lang='lat' dir='ltr'><em>adornasse?</em></span> <span class='ocrx_word' id='word_1_61' title='bbox 1213 753 1321 815; x_wconf 75' lang='lat' dir='ltr'><em>Assue-</em></span> 
     </span>
     <span class='ocr_line' id='line_1_7' title="bbox 57 842 1321 919; baseline 0.004 -14"><span class='ocrx_word' id='word_1_62' title='bbox 57 844 100 905; x_wconf 82' lang='lat' dir='ltr'><em>tis</em></span> <span class='ocrx_word' id='word_1_63' title='bbox 113 843 202 905; x_wconf 64' lang='lat' dir='ltr'><em>nant</em></span> <span class='ocrx_word' id='word_1_64' title='bbox 216 843 309 903; x_wconf 78' lang='lat' dir='ltr'><em>m&#39;tm</em></span> <span class='ocrx_word' id='word_1_65' title='bbox 331 842 391 902; x_wconf 82' lang='lat' dir='ltr'><em>bac</em></span> <span class='ocrx_word' id='word_1_66' title='bbox 410 842 511 903; x_wconf 86' lang='lat' dir='ltr'><em>uideri</em></span> <span class='ocrx_word' id='word_1_67' title='bbox 529 844 661 902; x_wconf 71' lang='lat' dir='ltr'><em>misteria</em></span> <span class='ocrx_word' id='word_1_68' title='bbox 687 845 771 904; x_wconf 81' lang='lat' dir='ltr'><em>uolui</em></span> <span class='ocrx_word' id='word_1_69' title='bbox 789 844 950 919; x_wconf 86' lang='lat' dir='ltr'><em>ostendere,</em></span> <span class='ocrx_word' id='word_1_70' title='bbox 979 846 1169 906; x_wconf 88' lang='lat' dir='ltr'><em>Macedonas</em></span> <span class='ocrx_word' id='word_1_71' title='bbox 1191 850 1321 911; x_wconf 88' lang='lat' dir='ltr'><em>inuictos</em></span> 
     </span>
     <span class='ocr_line' id='line_1_8' title="bbox 57 933 1320 1021; baseline 0.01 -25"><span class='ocrx_word' id='word_1_72' title='bbox 57 940 169 1021; x_wconf 62' lang='lat' dir='ltr'><em>mesas</em></span> <span class='ocrx_word' id='word_1_73' title='bbox 187 957 229 997; x_wconf 86' lang='lat' dir='ltr'><em>sse</em></span> <span class='ocrx_word' id='word_1_74' title='bbox 249 957 329 998; x_wconf 88' lang='lat' dir='ltr'><em>auro</em></span> <span class='ocrx_word' id='word_1_75' title='bbox 351 937 471 1015; x_wconf 82' lang='lat' dir='ltr'><em>quidem</em></span> <span class='ocrx_word' id='word_1_76' title='bbox 491 941 585 1002; x_wconf 88' lang='lat' dir='ltr'><em>uinci.</em></span> <span class='ocrx_word' id='word_1_77' title='bbox 633 933 657 976; x_wconf 84' lang='lat'><em>¹⁷</em></span> <span class='ocrx_word' id='word_1_78' title='bbox 667 939 777 1000; x_wconf 86' lang='lat' dir='ltr'><em>Oculos</em></span> <span class='ocrx_word' id='word_1_79' title='bbox 801 959 875 1018; x_wconf 82' lang='lat' dir='ltr'><em>ergo</em></span> <span class='ocrx_word' id='word_1_80' title='bbox 895 943 1037 1019; x_wconf 86' lang='lat' dir='ltr'><em>primum</em></span> <span class='ocrx_word' id='word_1_81' title='bbox 1065 962 1170 1004; x_wconf 86' lang='lat' dir='ltr'><em>eorum</em></span> <span class='ocrx_word' id='word_1_82' title='bbox 1194 946 1320 1008; x_wconf 86' lang='lat' dir='ltr'><em>sordida</em></span> 
     </span>
     <span class='ocr_line' id='line_1_9' title="bbox 57 1033 1323 1114; baseline 0.006 -17"><span class='ocrx_word' id='word_1_83' title='bbox 57 1037 169 1097; x_wconf 81' lang='lat' dir='ltr'><em>omnia</em></span> <span class='ocrx_word' id='word_1_84' title='bbox 193 1040 225 1095; x_wconf 86' lang='lat' dir='ltr'><em>et</em></span> <span class='ocrx_word' id='word_1_85' title='bbox 252 1033 385 1095; x_wconf 81' lang='lat' dir='ltr'><em>bums&#39;lra</em></span> <span class='ocrx_word' id='word_1_86' title='bbox 410 1037 614 1112; x_wconf 74' lang='lat' dir='ltr'><em>spectantium</em></span> <span class='ocrx_word' id='word_1_87' title='bbox 643 1037 773 1114; x_wconf 87' lang='lat' dir='ltr'><em>capiam,</em></span> <span class='ocrx_word' id='word_1_88' title='bbox 806 1044 838 1096; x_wconf 91' lang='lat' dir='ltr'><em>et</em></span> <span class='ocrx_word' id='word_1_89' title='bbox 856 1035 969 1112; x_wconf 81' lang='lat' dir='ltr'><em>docebo,</em></span> <span class='ocrx_word' id='word_1_90' title='bbox 1002 1057 1058 1099; x_wconf 90' lang='lat' dir='ltr'><em>nos</em></span> <span class='ocrx_word' id='word_1_91' title='bbox 1075 1058 1139 1099; x_wconf 90' lang='lat' dir='ltr'><em>non</em></span> <span class='ocrx_word' id='word_1_92' title='bbox 1166 1044 1243 1102; x_wconf 86' lang='lat' dir='ltr'><em>auri</em></span> <span class='ocrx_word' id='word_1_93' title='bbox 1262 1051 1323 1104; x_wconf 89' lang='lat' dir='ltr'><em>aut</em></span> 
     </span>
     <span class='ocr_line' id='line_1_10' title="bbox 57 1129 1319 1218; baseline 0.006 -23"><span class='ocrx_word' id='word_1_94' title='bbox 57 1132 191 1212; x_wconf 74' lang='lat' dir='ltr'><em>argenta·</em></span> <span class='ocrx_word' id='word_1_95' title='bbox 208 1130 345 1210; x_wconf 80' lang='lat' dir='ltr'><em>cupidos,</em></span> <span class='ocrx_word' id='word_1_96' title='bbox 375 1130 428 1191; x_wconf 86' lang='lat' dir='ltr'><em>sed</em></span> <span class='ocrx_word' id='word_1_97' title='bbox 454 1129 553 1191; x_wconf 84' lang='lat' dir='ltr'><em>orbem</em></span> <span class='ocrx_word' id='word_1_98' title='bbox 584 1139 741 1192; x_wconf 88' lang='lat' dir='ltr'><em>terraram</em></span> <span class='ocrx_word' id='word_1_99' title='bbox 767 1131 945 1193; x_wconf 79' lang='lat' dir='ltr'><em>subacturos</em></span> <span class='ocrx_word' id='word_1_100' title='bbox 971 1138 1082 1198; x_wconf 71' lang='lat' dir='ltr'><em>uenae.</em></span> <span class='ocrx_word' id='word_1_101' title='bbox 1127 1138 1227 1207; x_wconf 76' lang='lat' dir='ltr'><em>Quam</em></span> <span class='ocrx_word' id='word_1_102' title='bbox 1251 1141 1319 1218; x_wconf 77' lang='lat' dir='ltr'><em>glo-</em></span> 
     </span>
     <span class='ocr_line' id='line_1_11' title="bbox 57 1228 1321 1316; baseline 0.006 -26"><span class='ocrx_word' id='word_1_103' title='bbox 57 1231 144 1291; x_wconf 82' lang='lat' dir='ltr'><em>riam</em></span> <span class='ocrx_word' id='word_1_104' title='bbox 164 1235 208 1303; x_wconf 88' lang='lat' dir='ltr'><em>tu,</em></span> <span class='ocrx_word' id='word_1_105' title='bbox 234 1228 407 1307; x_wconf 64' lang='lat' dir='ltr'><em>pavenda,</em></span> <span class='ocrx_word' id='word_1_106' title='bbox 433 1229 614 1305; x_wconf 66' lang='lat' dir='ltr'><em>intercepere</em></span> <span class='ocrx_word' id='word_1_107' title='bbox 632 1229 764 1300; x_wconf 85' lang='lat' dir='ltr'><em>uoluisti,</em></span> <span class='ocrx_word' id='word_1_108' title='bbox 787 1235 819 1288; x_wconf 93' lang='lat' dir='ltr'><em>et</em></span> <span class='ocrx_word' id='word_1_109' title='bbox 845 1230 1044 1305; x_wconf 87' lang='lat' dir='ltr'><em>Macedonas,</em></span> <span class='ocrx_word' id='word_1_110' title='bbox 1075 1253 1146 1312; x_wconf 82' lang='lat' dir='ltr'><em>rege</em></span> <span class='ocrx_word' id='word_1_111' title='bbox 1171 1235 1321 1316; x_wconf 81' lang='lat' dir='ltr'><em>adempto,</em></span> 
     </span>
     <span class='ocr_line' id='line_1_12' title="bbox 57 1318 1321 1409; baseline 0.008 -24"><span class='ocrx_word' id='word_1_112' title='bbox 57 1326 187 1391; x_wconf 60' lang='lat' dir='ltr'><em>hreni</em></span> <span class='ocrx_word' id='word_1_113' title='bbox 205 1321 348 1403; x_wconf 82' lang='lat' dir='ltr'><em>gentibus</em></span> <span class='ocrx_word' id='word_1_114' title='bbox 371 1323 483 1385; x_wconf 82' lang='lat' dir='ltr'><em>dedere.</em></span> <span class='ocrx_word' id='word_1_115' title='bbox 534 1318 614 1383; x_wconf 75' lang='lat' dir='ltr'><em>¹⁸At</em></span> <span class='ocrx_word' id='word_1_116' title='bbox 631 1344 717 1384; x_wconf 90' lang='lat' dir='ltr'><em>nunc</em></span> <span class='ocrx_word' id='word_1_117' title='bbox 744 1344 849 1403; x_wconf 55' lang='lat' dir='ltr'><em>mones⁶</em></span> <span class='ocrx_word' id='word_1_118' title='bbox 871 1344 926 1400; x_wconf 91' lang='lat' dir='ltr'><em>me,</em></span> <span class='ocrx_word' id='word_1_119' title='bbox 957 1334 995 1387; x_wconf 89' lang='lat' dir='ltr'><em>ut</em></span> <span class='ocrx_word' id='word_1_120' title='bbox 1012 1331 1120 1390; x_wconf 86' lang='lat' dir='ltr'><em>uestris</em></span> <span class='ocrx_word' id='word_1_121' title='bbox 1138 1332 1321 1409; x_wconf 82' lang='lat' dir='ltr'><em>parentibus</em></span> 
     </span>
     <span class='ocr_line' id='line_1_13' title="bbox 56 1419 1319 1508; baseline 0.005 -26"><span class='ocrx_word' id='word_1_122' title='bbox 56 1425 208 1503; x_wconf 72' lang='lat' dir='ltr'><em>parcam!</em></span> <span class='ocrx_word' id='word_1_123' title='bbox 248 1420 320 1481; x_wconf 81' lang='lat' dir='ltr'><em>Nm</em></span> <span class='ocrx_word' id='word_1_124' title='bbox 338 1419 495 1499; x_wconf 85' lang='lat' dir='ltr'><em>oportebat</em></span> <span class='ocrx_word' id='word_1_125' title='bbox 516 1420 636 1496; x_wconf 83' lang='lat' dir='ltr'><em>quidem</em></span> <span class='ocrx_word' id='word_1_126' title='bbox 653 1440 704 1481; x_wconf 86' lang='lat' dir='ltr'><em>aas</em></span> <span class='ocrx_word' id='word_1_127' title='bbox 723 1423 809 1493; x_wconf 88' lang='lat' dir='ltr'><em>scire,</em></span> <span class='ocrx_word' id='word_1_128' title='bbox 838 1421 968 1498; x_wconf 86' lang='lat' dir='ltr'><em>quidde</em></span> <span class='ocrx_word' id='word_1_129' title='bbox 987 1423 1034 1483; x_wconf 82' lang='lat' dir='ltr'><em>bis</em></span> <span class='ocrx_word' id='word_1_130' title='bbox 1055 1429 1234 1504; x_wconf 80' lang='lat' dir='ltr'><em>statuissem,</em></span> <span class='ocrx_word' id='word_1_131' title='bbox 1260 1450 1319 1508; x_wconf 87' lang='lat' dir='ltr'><em>quo</em></span> 
     </span>
     <span class='ocr_line' id='line_1_14' title="bbox 58 1514 1322 1596; baseline 0.005 -15"><span class='ocrx_word' id='word_1_132' title='bbox 58 1519 211 1581; x_wconf 69' lang='lat' dir='ltr'><em>ramora</em></span> <span class='ocrx_word' id='word_1_133' title='bbox 222 1518 376 1596; x_wconf 68' lang='lat' dir='ltr'><em>persistes,</em></span> <span class='ocrx_word' id='word_1_134' title='bbox 407 1519 436 1576; x_wconf 89' lang='lat' dir='ltr'><em>si</em></span> <span class='ocrx_word' id='word_1_135' title='bbox 457 1536 519 1595; x_wconf 88' lang='lat' dir='ltr'><em>qua</em></span> <span class='ocrx_word' id='word_1_136' title='bbox 545 1514 627 1576; x_wconf 73' lang='lat' dir='ltr'><em>vobis</em></span> <span class='ocrx_word' id='word_1_137' title='bbox 649 1525 820 1594; x_wconf 89' lang='lat' dir='ltr'><em>parentum</em></span> <span class='ocrx_word' id='word_1_138' title='bbox 849 1521 996 1578; x_wconf 87' lang='lat' dir='ltr'><em>memoria</em></span> <span class='ocrx_word' id='word_1_139' title='bbox 1019 1529 1052 1581; x_wconf 87' lang='lat' dir='ltr'><em>et</em></span> <span class='ocrx_word' id='word_1_140' title='bbox 1077 1541 1155 1583; x_wconf 85' lang='lat' dir='ltr'><em>eura</em></span> <span class='ocrx_word' id='word_1_141' title='bbox 1179 1533 1239 1585; x_wconf 92' lang='lat' dir='ltr'><em>est:</em></span> <span class='ocrx_word' id='word_1_142' title='bbox 1267 1527 1322 1588; x_wconf 91' lang='lat' dir='ltr'><em>sed</em></span> 
     </span>
     <span class='ocr_line' id='line_1_15' title="bbox 57 1613 1319 1699; baseline 0.005 -25"><span class='ocrx_word' id='word_1_143' title='bbox 57 1616 134 1685; x_wconf 68' lang='lat' dir='ltr'><em>olam</em></span> <span class='ocrx_word' id='word_1_144' title='bbox 155 1616 251 1675; x_wconf 74' lang='lat' dir='ltr'><em>ostam</em></span> <span class='ocrx_word' id='word_1_145' title='bbox 272 1632 387 1673; x_wconf 87' lang='lat' dir='ltr'><em>morem</em></span> <span class='ocrx_word' id='word_1_146' title='bbox 408 1613 567 1674; x_wconf 83' lang='lat' dir='ltr'><em>occidendi</em></span> <span class='ocrx_word' id='word_1_147' title='bbox 587 1632 657 1672; x_wconf 91' lang='lat' dir='ltr'><em>cum</em></span> <span class='ocrx_word' id='word_1_148' title='bbox 682 1615 811 1673; x_wconf 76' lang='lat' dir='ltr'><em>scelestes</em></span> <span class='ocrx_word' id='word_1_149' title='bbox 838 1615 973 1675; x_wconf 78' lang='lat' dir='ltr'><em>insontes</em></span> <span class='ocrx_word' id='word_1_150' title='bbox 994 1619 1185 1696; x_wconf 84' lang='lat' dir='ltr'><em>propinquos</em></span> <span class='ocrx_word' id='word_1_151' title='bbox 1202 1640 1319 1699; x_wconf 87' lang='lat' dir='ltr'><em>paren-</em></span> 
     </span>
     <span class='ocr_line' id='line_1_16' title="bbox 57 1709 1319 1796; baseline 0.007 -26"><span class='ocrx_word' id='word_1_152' title='bbox 57 1718 161 1792; x_wconf 78' lang='lat' dir='ltr'><em>tesque</em></span> <span class='ocrx_word' id='word_1_153' title='bbox 181 1710 266 1783; x_wconf 82' lang='lat' dir='ltr'><em>solui,</em></span> <span class='ocrx_word' id='word_1_154' title='bbox 290 1715 321 1768; x_wconf 92' lang='lat' dir='ltr'><em>et</em></span> <span class='ocrx_word' id='word_1_155' title='bbox 333 1709 491 1788; x_wconf 78' lang='lat' dir='ltr'><em>prspiteor,</em></span> <span class='ocrx_word' id='word_1_156' title='bbox 519 1711 554 1768; x_wconf 86' lang='lat' dir='ltr'><em>in</em></span> <span class='ocrx_word' id='word_1_157' title='bbox 574 1709 675 1770; x_wconf 90' lang='lat' dir='ltr'><em>eodem</em></span> <span class='ocrx_word' id='word_1_158' title='bbox 694 1709 807 1770; x_wconf 87' lang='lat' dir='ltr'><em>bonore</em></span> <span class='ocrx_word' id='word_1_159' title='bbox 824 1709 962 1790; x_wconf 87' lang='lat' dir='ltr'><em>futuros</em></span> <span class='ocrx_word' id='word_1_160' title='bbox 987 1733 1088 1774; x_wconf 89' lang='lat' dir='ltr'><em>omnes</em></span> <span class='ocrx_word' id='word_1_161' title='bbox 1116 1732 1174 1790; x_wconf 88' lang='lat' dir='ltr'><em>eos,</em></span> <span class='ocrx_word' id='word_1_162' title='bbox 1199 1718 1235 1776; x_wconf 86' lang='lat' dir='ltr'><em>in</em></span> <span class='ocrx_word' id='word_1_163' title='bbox 1259 1738 1319 1796; x_wconf 85' lang='lat' dir='ltr'><em>quo</em></span> 
     </span>
     <span class='ocr_line' id='line_1_17' title="bbox 56 1800 1319 1890; baseline 0.008 -24"><span class='ocrx_word' id='word_1_164' title='bbox 56 1807 204 1887; x_wconf 71' lang='lat' dir='ltr'><em>fueruat.</em></span> <span class='ocrx_word' id='word_1_165' title='bbox 254 1800 279 1845; x_wconf 80' lang='lat'><em>¹⁹</em></span> <span class='ocrx_word' id='word_1_166' title='bbox 287 1807 369 1867; x_wconf 89' lang='lat' dir='ltr'><em>Nam</em></span> <span class='ocrx_word' id='word_1_167' title='bbox 388 1813 477 1865; x_wconf 73' lang='lat' dir='ltr'><em>tasum</em></span> <span class='ocrx_word' id='word_1_168' title='bbox 498 1806 712 1881; x_wconf 75' lang='lat' dir='ltr'><em>Callisthenen,</em></span> <span class='ocrx_word' id='word_1_169' title='bbox 742 1809 797 1867; x_wconf 88' lang='lat' dir='ltr'><em>cui</em></span> <span class='ocrx_word' id='word_1_170' title='bbox 821 1809 882 1867; x_wconf 83' lang='lat' dir='ltr'><em>uni</em></span> <span class='ocrx_word' id='word_1_171' title='bbox 905 1809 956 1867; x_wconf 83' lang='lat' dir='ltr'><em>uir</em></span> <span class='ocrx_word' id='word_1_172' title='bbox 984 1809 1104 1886; x_wconf 84' lang='lat' dir='ltr'><em>uideris,</em></span> <span class='ocrx_word' id='word_1_173' title='bbox 1133 1814 1208 1890; x_wconf 87' lang='lat' dir='ltr'><em>quia</em></span> <span class='ocrx_word' id='word_1_174' title='bbox 1236 1814 1319 1876; x_wconf 87' lang='lat' dir='ltr'><em>latro</em></span> 
     </span>
     <span class='ocr_line' id='line_1_18' title="bbox 56 1902 1318 1983; baseline 0.002 -16"><span class='ocrx_word' id='word_1_175' title='bbox 56 1924 98 1981; x_wconf 84' lang='lat' dir='ltr'><em>ss,</em></span> <span class='ocrx_word' id='word_1_176' title='bbox 109 1905 187 1983; x_wconf 79' lang='lat' dir='ltr'><em>scio,</em></span> <span class='ocrx_word' id='word_1_177' title='bbox 208 1923 265 1965; x_wconf 86' lang='lat' dir='ltr'><em>eur</em></span> <span class='ocrx_word' id='word_1_178' title='bbox 280 1902 417 1982; x_wconf 82' lang='lat' dir='ltr'><em>produci</em></span> <span class='ocrx_word' id='word_1_179' title='bbox 432 1903 523 1962; x_wconf 84' lang='lat' dir='ltr'><em>uelis:</em></span> <span class='ocrx_word' id='word_1_180' title='bbox 550 1909 589 1962; x_wconf 90' lang='lat' dir='ltr'><em>ut</em></span> <span class='ocrx_word' id='word_1_181' title='bbox 606 1921 711 1963; x_wconf 91' lang='lat' dir='ltr'><em>coram</em></span> <span class='ocrx_word' id='word_1_182' title='bbox 731 1904 779 1963; x_wconf 88' lang='lat' dir='ltr'><em>bis</em></span> <span class='ocrx_word' id='word_1_183' title='bbox 796 1902 920 1982; x_wconf 89' lang='lat' dir='ltr'><em>probra,</em></span> <span class='ocrx_word' id='word_1_184' title='bbox 949 1924 1028 1983; x_wconf 86' lang='lat' dir='ltr'><em>quae</em></span> <span class='ocrx_word' id='word_1_185' title='bbox 1045 1908 1082 1967; x_wconf 89' lang='lat' dir='ltr'><em>in</em></span> <span class='ocrx_word' id='word_1_186' title='bbox 1100 1926 1149 1969; x_wconf 90' lang='lat' dir='ltr'><em>me</em></span> <span class='ocrx_word' id='word_1_187' title='bbox 1168 1909 1257 1969; x_wconf 86' lang='lat' dir='ltr'><em>modo</em></span> <span class='ocrx_word' id='word_1_188' title='bbox 1276 1912 1318 1970; x_wconf 91' lang='lat' dir='ltr'><em>ie-</em></span> 
     </span>
     <span class='ocr_line' id='line_1_19' title="bbox 57 1999 1320 2079; baseline 0.004 -17"><span class='ocrx_word' id='word_1_189' title='bbox 57 2002 139 2076; x_wconf 82' lang='lat' dir='ltr'><em>cisti,</em></span> <span class='ocrx_word' id='word_1_190' title='bbox 158 2000 246 2061; x_wconf 78' lang='lat' dir='ltr'><em>modo</em></span> <span class='ocrx_word' id='word_1_191' title='bbox 263 2000 387 2072; x_wconf 76' lang='lat' dir='ltr'><em>audisti,</em></span> <span class='ocrx_word' id='word_1_192' title='bbox 409 2001 495 2060; x_wconf 90' lang='lat' dir='ltr'><em>illius</em></span> <span class='ocrx_word' id='word_1_193' title='bbox 514 2018 629 2078; x_wconf 88' lang='lat' dir='ltr'><em>quoque</em></span> <span class='ocrx_word' id='word_1_194' title='bbox 650 2020 701 2059; x_wconf 86' lang='lat' dir='ltr'><em>ore</em></span> <span class='ocrx_word' id='word_1_195' title='bbox 717 1999 908 2079; x_wconf 56' lang='lat' dir='ltr'><em>reserantur.</em></span> <span class='ocrx_word' id='word_1_196' title='bbox 953 2003 1056 2079; x_wconf 75' lang='lat' dir='ltr'><em>Quem,</em></span> <span class='ocrx_word' id='word_1_197' title='bbox 1079 2006 1109 2064; x_wconf 84' lang='lat' dir='ltr'><em>si</em></span> <span class='ocrx_word' id='word_1_198' title='bbox 1126 2005 1258 2066; x_wconf 82' lang='lat' dir='ltr'><em>Macedo</em></span> <span class='ocrx_word' id='word_1_199' title='bbox 1276 2027 1320 2067; x_wconf 85' lang='lat' dir='ltr'><em>es-</em></span> 
     </span>
     <span class='ocr_line' id='line_1_20' title="bbox 59 2095 1320 2178; baseline 0.004 -20"><span class='ocrx_word' id='word_1_200' title='bbox 59 2104 117 2172; x_wconf 82' lang='lat' dir='ltr'><em>set,</em></span> <span class='ocrx_word' id='word_1_201' title='bbox 144 2095 512 2170; x_wconf 64' lang='lat' dir='ltr'><em>transmeantium,</em></span> <span class='ocrx_word' id='word_1_202' title='bbox 541 2095 754 2173; x_wconf 58' lang='lat' dir='ltr'><em>dignissimam</em></span> <span class='ocrx_word' id='word_1_203' title='bbox 781 2104 811 2158; x_wconf 88' lang='lat' dir='ltr'><em>te</em></span> <span class='ocrx_word' id='word_1_204' title='bbox 831 2097 980 2176; x_wconf 75' lang='lat' dir='ltr'><em>discipulo</em></span> <span class='ocrx_word' id='word_1_205' title='bbox 1005 2102 1207 2178; x_wconf 76' lang='lat' dir='ltr'><em>magistram:</em></span> <span class='ocrx_word' id='word_1_206' title='bbox 1232 2122 1320 2163; x_wconf 89' lang='lat' dir='ltr'><em>nune</em></span> 
     </span>
     <span class='ocr_line' id='line_1_21' title="bbox 61 2191 565 2273; baseline -0.01 -17"><span class='ocrx_word' id='word_1_207' title='bbox 61 2193 212 2273; x_wconf 74' lang='lat' dir='ltr'><em>Olynthio</em></span> <span class='ocrx_word' id='word_1_208' title='bbox 231 2212 293 2253; x_wconf 86' lang='lat' dir='ltr'><em>nan</em></span> <span class='ocrx_word' id='word_1_209' title='bbox 316 2191 397 2251; x_wconf 83' lang='lat' dir='ltr'><em>ideas</em></span> <span class='ocrx_word' id='word_1_210' title='bbox 415 2193 495 2250; x_wconf 84' lang='lat' dir='ltr'><em>iaris</em></span> <span class='ocrx_word' id='word_1_211' title='bbox 514 2199 565 2251; x_wconf 89' lang='lat' dir='ltr'><em>est.</em></span> 
     </span>
    </p>

    <p class='ocr_par' dir='ltr' id='par_1_4' title="bbox 55 2283 1322 3146">
     <span class='ocr_line' id='line_1_22' title="bbox 144 2283 1320 2369; baseline 0.003 -17.815"><span class='ocrx_word' id='word_1_212' title='bbox 144 2288 268 2351; x_wconf 82' lang='lat' dir='ltr'><strong>XXIX.</strong></span> <span class='ocrx_word' id='word_1_213' title='bbox 312 2283 342 2326; x_wconf 81' lang='lat'><em>²⁰</em></span> <span class='ocrx_word' id='word_1_214' title='bbox 351 2290 424 2349; x_wconf 89' lang='lat' dir='ltr'><em>Post</em></span> <span class='ocrx_word' id='word_1_215' title='bbox 444 2289 517 2347; x_wconf 83' lang='lat' dir='ltr'><em>haec</em></span> <span class='ocrx_word' id='word_1_216' title='bbox 539 2287 697 2349; x_wconf 83' lang='lat' dir='ltr'><em>consilium</em></span> <span class='ocrx_word' id='word_1_217' title='bbox 714 2287 832 2363; x_wconf 84' lang='lat' dir='ltr'><em>dimisit,</em></span> <span class='ocrx_word' id='word_1_218' title='bbox 859 2287 995 2369; x_wconf 88' lang='lat' dir='ltr'><em>tradique</em></span> <span class='ocrx_word' id='word_1_219' title='bbox 1019 2291 1173 2354; x_wconf 88' lang='lat' dir='ltr'><em>damnatos</em></span> <span class='ocrx_word' id='word_1_220' title='bbox 1195 2295 1320 2355; x_wconf 85' lang='lat' dir='ltr'><em>homini-</em></span> 
     </span>
     <span class='ocr_line' id='line_1_23' title="bbox 56 2383 1320 2469; baseline 0 -18"><span class='ocrx_word' id='word_1_221' title='bbox 56 2388 129 2463; x_wconf 77' lang='lat' dir='ltr'><em>trus,</em></span> <span class='ocrx_word' id='word_1_222' title='bbox 159 2386 211 2469; x_wconf 88' lang='lat' dir='ltr'><em>qui</em></span> <span class='ocrx_word' id='word_1_223' title='bbox 236 2406 273 2448; x_wconf 87' lang='lat' dir='ltr'><em>ex</em></span> <span class='ocrx_word' id='word_1_224' title='bbox 299 2386 402 2447; x_wconf 88' lang='lat' dir='ltr'><em>eadem</em></span> <span class='ocrx_word' id='word_1_225' title='bbox 426 2385 551 2446; x_wconf 79' lang='lat' dir='ltr'><em>cohorte</em></span> <span class='ocrx_word' id='word_1_226' title='bbox 582 2393 673 2460; x_wconf 85' lang='lat' dir='ltr'><em>erant,</em></span> <span class='ocrx_word' id='word_1_227' title='bbox 707 2383 800 2446; x_wconf 89' lang='lat' dir='ltr'><em>iussit.</em></span> <span class='ocrx_word' id='word_1_228' title='bbox 841 2383 897 2459; x_wconf 90' lang='lat' dir='ltr'><em>Illi,</em></span> <span class='ocrx_word' id='word_1_229' title='bbox 926 2391 959 2445; x_wconf 92' lang='lat' dir='ltr'><em>ut</em></span> <span class='ocrx_word' id='word_1_230' title='bbox 981 2386 1071 2447; x_wconf 87' lang='lat' dir='ltr'><em>fidem</em></span> <span class='ocrx_word' id='word_1_231' title='bbox 1092 2406 1177 2449; x_wconf 87' lang='lat' dir='ltr'><em>suam</em></span> <span class='ocrx_word' id='word_1_232' title='bbox 1197 2391 1320 2451; x_wconf 88' lang='lat' dir='ltr'><em>saevitia</em></span> 
     </span>
     <span class='ocr_line' id='line_1_24' title="bbox 59 2475 1319 2565; baseline 0.001 -20"><span class='ocrx_word' id='word_1_233' title='bbox 59 2485 126 2565; x_wconf 74' lang='lat' dir='ltr'><em>regi</em></span> <span class='ocrx_word' id='word_1_234' title='bbox 140 2484 356 2563; x_wconf 75' lang='lat' dir='ltr'><em>approbarent,</em></span> <span class='ocrx_word' id='word_1_235' title='bbox 386 2481 575 2542; x_wconf 87' lang='lat' dir='ltr'><em>excruciatos</em></span> <span class='ocrx_word' id='word_1_236' title='bbox 595 2488 785 2542; x_wconf 85' lang='lat' dir='ltr'><em>necaverunt.</em></span> <span class='ocrx_word' id='word_1_237' title='bbox 824 2475 849 2518; x_wconf 83' lang='lat'><em>²¹</em></span> <span class='ocrx_word' id='word_1_238' title='bbox 858 2480 1055 2542; x_wconf 85' lang='lat' dir='ltr'><em>Callisthenes</em></span> <span class='ocrx_word' id='word_1_239' title='bbox 1078 2502 1199 2563; x_wconf 76' lang='lat' dir='ltr'><em>quoque.</em></span> <span class='ocrx_word' id='word_1_240' title='bbox 1221 2490 1319 2547; x_wconf 89' lang='lat' dir='ltr'><em>tortus</em></span> 
     </span>
     <span class='ocr_line' id='line_1_25' title="bbox 59 2577 1319 2661; baseline 0.001 -18"><span class='ocrx_word' id='word_1_241' title='bbox 59 2580 182 2657; x_wconf 82' lang='lat' dir='ltr'><em>interiit,</em></span> <span class='ocrx_word' id='word_1_242' title='bbox 211 2580 276 2641; x_wconf 89' lang='lat' dir='ltr'><em>initi</em></span> <span class='ocrx_word' id='word_1_243' title='bbox 303 2578 419 2640; x_wconf 89' lang='lat' dir='ltr'><em>consilii</em></span> <span class='ocrx_word' id='word_1_244' title='bbox 441 2578 471 2639; x_wconf 87' lang='lat' dir='ltr'><em>iu</em></span> <span class='ocrx_word' id='word_1_245' title='bbox 493 2586 584 2657; x_wconf 84' lang='lat' dir='ltr'><em>caput</em></span> <span class='ocrx_word' id='word_1_246' title='bbox 612 2578 691 2658; x_wconf 85' lang='lat' dir='ltr'><em>regis</em></span> <span class='ocrx_word' id='word_1_247' title='bbox 718 2577 867 2654; x_wconf 88' lang='lat' dir='ltr'><em>innoxius,</em></span> <span class='ocrx_word' id='word_1_248' title='bbox 894 2577 949 2638; x_wconf 88' lang='lat' dir='ltr'><em>sed</em></span> <span class='ocrx_word' id='word_1_249' title='bbox 977 2577 1204 2661; x_wconf 81' lang='lat' dir='ltr'><em>haudquaquam</em></span> <span class='ocrx_word' id='word_1_250' title='bbox 1233 2582 1319 2644; x_wconf 86' lang='lat' dir='ltr'><em>aulae</em></span> 
     </span>
     <span class='ocr_line' id='line_1_26' title="bbox 60 2669 1322 2754; baseline 0 -13"><span class='ocrx_word' id='word_1_251' title='bbox 60 2685 93 2741; x_wconf 85' lang='lat' dir='ltr'><em>et</em></span> <span class='ocrx_word' id='word_1_252' title='bbox 112 2675 326 2739; x_wconf 63' lang='lat' dir='ltr'><em>assentantium</em></span> <span class='ocrx_word' id='word_1_253' title='bbox 339 2675 583 2737; x_wconf 85' lang='lat' dir='ltr'><em>accommodatus</em></span> <span class='ocrx_word' id='word_1_254' title='bbox 597 2675 725 2754; x_wconf 83' lang='lat' dir='ltr'><em>ingenio.</em></span> <span class='ocrx_word' id='word_1_255' title='bbox 764 2669 899 2754; x_wconf 84' lang='lat' dir='ltr'><em>²²1taque</em></span> <span class='ocrx_word' id='word_1_256' title='bbox 920 2673 1031 2735; x_wconf 90' lang='lat' dir='ltr'><em>nullius</em></span> <span class='ocrx_word' id='word_1_257' title='bbox 1049 2676 1157 2737; x_wconf 87' lang='lat' dir='ltr'><em>caedes</em></span> <span class='ocrx_word' id='word_1_258' title='bbox 1176 2678 1322 2742; x_wconf 72' lang='lat' dir='ltr'><em>uenerem</em></span> 
     </span>
     <span class='ocr_line' id='line_1_27' title="bbox 58 2764 1320 2855; baseline 0.001 -19"><span class='ocrx_word' id='word_1_259' title='bbox 58 2774 143 2855; x_wconf 86' lang='lat' dir='ltr'><em>apud</em></span> <span class='ocrx_word' id='word_1_260' title='bbox 168 2774 305 2835; x_wconf 86' lang='lat' dir='ltr'><em>Graecos</em></span> <span class='ocrx_word' id='word_1_261' title='bbox 333 2773 504 2833; x_wconf 86' lang='lat' dir='ltr'><em>Alexandro</em></span> <span class='ocrx_word' id='word_1_262' title='bbox 537 2771 675 2831; x_wconf 82' lang='lat' dir='ltr'><em>excitavit</em></span> <span class='ocrx_word' id='word_1_263' title='bbox 706 2771 854 2845; x_wconf 88' lang='lat' dir='ltr'><em>invidiam,</em></span> <span class='ocrx_word' id='word_1_264' title='bbox 887 2770 970 2849; x_wconf 88' lang='lat' dir='ltr'><em>quad</em></span> <span class='ocrx_word' id='word_1_265' title='bbox 1001 2771 1169 2848; x_wconf 89' lang='lat' dir='ltr'><em>praeditum</em></span> <span class='ocrx_word' id='word_1_266' title='bbox 1197 2764 1320 2853; x_wconf 78' lang='lat' dir='ltr'><em>optimis</em></span> 
     </span>
     <span class='ocr_line' id='line_1_28' title="bbox 55 2867 1319 2949; baseline 0.002 -16"><span class='ocrx_word' id='word_1_267' title='bbox 55 2870 197 2933; x_wconf 82' lang='lat' dir='ltr'><em>moribus</em></span> <span class='ocrx_word' id='word_1_268' title='bbox 224 2869 405 2949; x_wconf 82' lang='lat' dir='ltr'><em>artibusque,</em></span> <span class='ocrx_word' id='word_1_269' title='bbox 439 2889 456 2928; x_wconf 89' lang='lat' dir='ltr'><em>a</em></span> <span class='ocrx_word' id='word_1_270' title='bbox 483 2887 544 2949; x_wconf 91' lang='lat' dir='ltr'><em>quo</em></span> <span class='ocrx_word' id='word_1_271' title='bbox 572 2874 731 2928; x_wconf 84' lang='lat' dir='ltr'><em>revocatus</em></span> <span class='ocrx_word' id='word_1_272' title='bbox 761 2867 912 2927; x_wconf 86' lang='lat' dir='ltr'><em>advitam</em></span> <span class='ocrx_word' id='word_1_273' title='bbox 939 2873 1010 2941; x_wconf 88' lang='lat' dir='ltr'><em>erat,</em></span> <span class='ocrx_word' id='word_1_274' title='bbox 1044 2888 1135 2947; x_wconf 90' lang='lat' dir='ltr'><em>quum</em></span> <span class='ocrx_word' id='word_1_275' title='bbox 1161 2870 1319 2934; x_wconf 82' lang='lat' dir='ltr'><em>interfecto</em></span> 
     </span>
     <span class='ocr_line' id='line_1_29' title="bbox 59 2962 1321 3044; baseline -0.001 -13"><span class='ocrx_word' id='word_1_276' title='bbox 59 2966 143 3031; x_wconf 83' lang='lat' dir='ltr'><em>clito</em></span> <span class='ocrx_word' id='word_1_277' title='bbox 164 2965 243 3028; x_wconf 89' lang='lat' dir='ltr'><em>mori</em></span> <span class='ocrx_word' id='word_1_278' title='bbox 265 2971 480 3044; x_wconf 84' lang='lat' dir='ltr'><em>perseveraret,</em></span> <span class='ocrx_word' id='word_1_279' title='bbox 510 2984 573 3025; x_wconf 89' lang='lat' dir='ltr'><em>non</em></span> <span class='ocrx_word' id='word_1_280' title='bbox 597 2971 709 3024; x_wconf 90' lang='lat' dir='ltr'><em>tantum</em></span> <span class='ocrx_word' id='word_1_281' title='bbox 733 2963 887 3037; x_wconf 86' lang='lat' dir='ltr'><em>occiderit,</em></span> <span class='ocrx_word' id='word_1_282' title='bbox 921 2962 975 3022; x_wconf 90' lang='lat' dir='ltr'><em>sed</em></span> <span class='ocrx_word' id='word_1_283' title='bbox 995 2962 1082 3023; x_wconf 90' lang='lat' dir='ltr'><em>etiam</em></span> <span class='ocrx_word' id='word_1_284' title='bbox 1104 2969 1226 3030; x_wconf 83' lang='lat' dir='ltr'><em>torserit</em></span> <span class='ocrx_word' id='word_1_285' title='bbox 1245 2968 1321 3030; x_wconf 88' lang='lat' dir='ltr'><em>indi-</em></span> 
     </span>
     <span class='ocr_line' id='line_1_30' title="bbox 58 3055 1320 3146; baseline 0 -20"><span class='ocrx_word' id='word_1_286' title='bbox 58 3070 109 3126; x_wconf 81' lang='lat' dir='ltr'><em>cta</em></span> <span class='ocrx_word' id='word_1_287' title='bbox 131 3063 253 3146; x_wconf 82' lang='lat' dir='ltr'><em>quidem</em></span> <span class='ocrx_word' id='word_1_288' title='bbox 274 3081 372 3122; x_wconf 87' lang='lat' dir='ltr'><em>causa.</em></span> <span class='ocrx_word' id='word_1_289' title='bbox 402 3055 536 3141; x_wconf 54' lang='lat' dir='ltr'><em>”Quam</em></span> <span class='ocrx_word' id='word_1_290' title='bbox 558 3060 762 3121; x_wconf 82' lang='lat' dir='ltr'><em>crudelitatem</em></span> <span class='ocrx_word' id='word_1_291' title='bbox 777 3079 845 3119; x_wconf 89' lang='lat' dir='ltr'><em>sera</em></span> <span class='ocrx_word' id='word_1_292' title='bbox 865 3059 1048 3138; x_wconf 88' lang='lat' dir='ltr'><em>poenitentia</em></span> <span class='ocrx_word' id='word_1_293' title='bbox 1061 3070 1248 3144; x_wconf 84' lang='lat' dir='ltr'><em>consequuta</em></span> <span class='ocrx_word' id='word_1_294' title='bbox 1266 3071 1320 3140; x_wconf 59' lang='lat' dir='ltr'><em>est,</em></span> 
     </span>
    </p>

    <p class='ocr_par' dir='ltr' id='par_1_5' title="bbox 60 3153 1321 3334">
     <span class='ocr_line' id='line_1_31' title="bbox 143 3153 1320 3234; baseline 0.001 -13"><span class='ocrx_word' id='word_1_295' title='bbox 143 3160 254 3221; x_wconf 90' lang='lat' dir='ltr'><strong>XXX.</strong></span> <span class='ocrx_word' id='word_1_296' title='bbox 299 3153 380 3219; x_wconf 89' lang='lat' dir='ltr'><em>¹Sed</em></span> <span class='ocrx_word' id='word_1_297' title='bbox 409 3177 447 3217; x_wconf 92' lang='lat' dir='ltr'><em>ne</em></span> <span class='ocrx_word' id='word_1_298' title='bbox 477 3157 569 3218; x_wconf 88' lang='lat' dir='ltr'><em>otium</em></span> <span class='ocrx_word' id='word_1_299' title='bbox 592 3155 728 3218; x_wconf 88' lang='lat' dir='ltr'><em>serendis</em></span> <span class='ocrx_word' id='word_1_300' title='bbox 757 3155 930 3216; x_wconf 85' lang='lat' dir='ltr'><em>rumoribus</em></span> <span class='ocrx_word' id='word_1_301' title='bbox 959 3161 1060 3217; x_wconf 86' lang='lat' dir='ltr'><em>natum</em></span> <span class='ocrx_word' id='word_1_302' title='bbox 1082 3157 1184 3234; x_wconf 85' lang='lat' dir='ltr'><em>aleret,</em></span> <span class='ocrx_word' id='word_1_303' title='bbox 1218 3159 1248 3221; x_wconf 89' lang='lat' dir='ltr'><em>in</em></span> <span class='ocrx_word' id='word_1_304' title='bbox 1273 3162 1320 3222; x_wconf 90' lang='lat' dir='ltr'><em>In-</em></span> 
     </span>
     <span class='ocr_line' id='line_1_32' title="bbox 60 3249 1321 3334; baseline 0 -15"><span class='ocrx_word' id='word_1_305' title='bbox 60 3256 142 3319; x_wconf 84' lang='lat' dir='ltr'><em>diam</em></span> <span class='ocrx_word' id='word_1_306' title='bbox 163 3256 264 3330; x_wconf 81' lang='lat' dir='ltr'><em>movit,</em></span> <span class='ocrx_word' id='word_1_307' title='bbox 292 3274 412 3334; x_wconf 87' lang='lat' dir='ltr'><em>semper</em></span> <span class='ocrx_word' id='word_1_308' title='bbox 438 3253 529 3330; x_wconf 87' lang='lat' dir='ltr'><em>bello,</em></span> <span class='ocrx_word' id='word_1_309' title='bbox 558 3273 646 3333; x_wconf 88' lang='lat' dir='ltr'><em>quam</em></span> <span class='ocrx_word' id='word_1_310' title='bbox 677 3261 748 3331; x_wconf 89' lang='lat' dir='ltr'><em>post</em></span> <span class='ocrx_word' id='word_1_311' title='bbox 775 3252 930 3314; x_wconf 85' lang='lat' dir='ltr'><em>victoriam</em></span> <span class='ocrx_word' id='word_1_312' title='bbox 958 3252 1077 3315; x_wconf 87' lang='lat' dir='ltr'><em>clarior.</em></span> <span class='ocrx_word' id='word_1_313' title='bbox 1124 3249 1230 3318; x_wconf 76' lang='lat' dir='ltr'><em>²1ndia</em></span> <span class='ocrx_word' id='word_1_314' title='bbox 1257 3263 1321 3320; x_wconf 85' lang='lat' dir='ltr'><em>tota</em></span> 
     </span>
    </p>
   </div>
   <div class='ocr_carea' id='block_1_4' title="bbox 59 3501 1333 3640">
    <p class='ocr_par' dir='ltr' id='par_1_6' title="bbox 59 3501 1333 3640">
     <span class='ocr_line' id='line_1_33' title="bbox 59 3501 1333 3568; baseline -0.002 -10"><span class='ocrx_word' id='word_1_315' title='bbox 59 3508 115 3559; x_wconf 84' lang='lat' dir='ltr'><em>ben</em></span> <span class='ocrx_word' id='word_1_316' title='bbox 139 3506 208 3556; x_wconf 81' lang='lat' dir='ltr'><em>nach</em></span> <span class='ocrx_word' id='word_1_317' title='bbox 233 3505 414 3556; x_wconf 82' lang='lat' dir='ltr'><em>rhetorischer</em></span> <span class='ocrx_word' id='word_1_318' title='bbox 430 3504 574 3566; x_wconf 80' lang='lat' dir='ltr'><em>Priictsion,</em></span> <span class='ocrx_word' id='word_1_319' title='bbox 593 3505 626 3554; x_wconf 89' lang='lat' dir='ltr'><em>da</em></span> <span class='ocrx_word' id='word_1_320' title='bbox 645 3517 674 3554; x_wconf 89' lang='lat' dir='ltr'><em>es</em></span> <span class='ocrx_word' id='word_1_321' title='bbox 695 3504 755 3553; x_wconf 89' lang='lat' dir='ltr'><em>dem</em></span> <span class='ocrx_word' id='word_1_322' title='bbox 776 3509 805 3551; x_wconf 84' lang='lat' dir='ltr'><em>ut</em></span> <span class='ocrx_word' id='word_1_323' title='bbox 832 3501 984 3552; x_wconf 80' lang='lat' dir='ltr'><em>adversarer</em></span> <span class='ocrx_word' id='word_1_324' title='bbox 1001 3502 1086 3553; x_wconf 82' lang='lat' dir='ltr'><em>Iooen</em></span> <span class='ocrx_word' id='word_1_325' title='bbox 1103 3505 1333 3568; x_wconf 74' lang='lat' dir='ltr'><em>eutgegeusteht3·</em></span> 
     </span>
     <span class='ocr_line' id='line_1_34' title="bbox 60 3568 1320 3640; baseline -0.001 -16"><span class='ocrx_word' id='word_1_326' title='bbox 60 3573 227 3640; x_wconf 72' lang='lat' dir='ltr'><em>gewtthniich</em></span> <span class='ocrx_word' id='word_1_327' title='bbox 247 3575 318 3623; x_wconf 84' lang='lat' dir='ltr'><em>steht</em></span> <span class='ocrx_word' id='word_1_328' title='bbox 333 3573 412 3623; x_wconf 84' lang='lat' dir='ltr'><em>dabei</em></span> <span class='ocrx_word' id='word_1_329' title='bbox 430 3571 519 3636; x_wconf 75' lang='lat' dir='ltr'><em>filium,</em></span> <span class='ocrx_word' id='word_1_330' title='bbox 539 3571 639 3632; x_wconf 80' lang='lat' dir='ltr'><em>liberos,</em></span> <span class='ocrx_word' id='word_1_331' title='bbox 658 3578 771 3638; x_wconf 86' lang='lat' dir='ltr'><em>partum.</em></span> <span class='ocrx_word' id='word_1_332' title='bbox 792 3573 816 3619; x_wconf 91' lang='lat' dir='ltr'><em>S.</em></span> <span class='ocrx_word' id='word_1_333' title='bbox 833 3571 860 3620; x_wconf 87' lang='lat' dir='ltr'><em>C.</em></span> <span class='ocrx_word' id='word_1_334' title='bbox 874 3568 899 3632; x_wconf 79' lang='lat'><em>5,</em></span> <span class='ocrx_word' id='word_1_335' title='bbox 921 3568 959 3633; x_wconf 88' lang='grc'><em>18,</em></span> <span class='ocrx_word' id='word_1_336' title='bbox 980 3568 1019 3621; x_wconf 88' lang='grc'><em>13.</em></span> <span class='ocrx_word' id='word_1_337' title='bbox 1037 3569 1063 3631; x_wconf 88' lang='grc'><em>5,</em></span> <span class='ocrx_word' id='word_1_338' title='bbox 1078 3570 1117 3635; x_wconf 88' lang='grc'><em>19,</em></span> <span class='ocrx_word' id='word_1_339' title='bbox 1132 3569 1175 3621; x_wconf 91' lang='lat'><em>20.</em></span> <span class='ocrx_word' id='word_1_340' title='bbox 1194 3569 1218 3636; x_wconf 82' lang='lat'><em>6,</em></span> <span class='ocrx_word' id='word_1_341' title='bbox 1235 3569 1277 3636; x_wconf 89' lang='grc'><em>41,</em></span> <span class='ocrx_word' id='word_1_342' title='bbox 1295 3572 1320 3624; x_wconf 83' lang='lat' dir='ltr'><em>b.</em></span> 
     </span>
    </p>
   </div>
   <div class='ocr_carea' id='block_1_5' title="bbox 61 3660 1321 3933">
    <p class='ocr_par' dir='ltr' id='par_1_7' title="bbox 61 3660 1321 3933">
     <span class='ocr_line' id='line_1_35' title="bbox 130 3660 1321 3727; baseline 0.001 -14"><span class='ocrx_word' id='word_1_343' title='bbox 130 3660 157 3725; x_wconf 91' lang='lat'><em>8,</em></span> <span class='ocrx_word' id='word_1_344' title='bbox 177 3660 276 3727; x_wconf 77' lang='lat'><em>28,16.</em></span> <span class='ocrx_word' id='word_1_345' title='bbox 316 3663 445 3714; x_wconf 78' lang='lat' dir='ltr'><em>l&#39;ideri.</em></span> <span class='ocrx_word' id='word_1_346' title='bbox 470 3664 510 3714; x_wconf 82' lang='lat' dir='ltr'><em>F.:</em></span> <span class='ocrx_word' id='word_1_347' title='bbox 533 3662 625 3714; x_wconf 79' lang='lat' dir='ltr'><em>sidere.</em></span> <span class='ocrx_word' id='word_1_348' title='bbox 645 3690 673 3699; x_wconf 92' lang='lat'>-</span> <span class='ocrx_word' id='word_1_349' title='bbox 705 3680 744 3712; x_wconf 87' lang='lat' dir='ltr'><em>ne</em></span> <span class='ocrx_word' id='word_1_350' title='bbox 761 3678 855 3712; x_wconf 87' lang='lat' dir='ltr'><em>auro.</em></span> <span class='ocrx_word' id='word_1_351' title='bbox 876 3661 916 3712; x_wconf 79' lang='grc' dir='ltr'>Ι·’.;</span> <span class='ocrx_word' id='word_1_352' title='bbox 935 3677 981 3711; x_wconf 86' lang='lat' dir='ltr'><em>nec</em></span> <span class='ocrx_word' id='word_1_353' title='bbox 998 3678 1062 3711; x_wconf 87' lang='lat' dir='ltr'><em>auro</em></span> <span class='ocrx_word' id='word_1_354' title='bbox 1082 3675 1166 3727; x_wconf 76' lang='lat' dir='ltr'><em>gagen</em></span> <span class='ocrx_word' id='word_1_355' title='bbox 1187 3665 1230 3715; x_wconf 84' lang='lat' dir='ltr'><em>die</em></span> <span class='ocrx_word' id='word_1_356' title='bbox 1250 3665 1321 3716; x_wconf 84' lang='lat' dir='ltr'><em>sest-</em></span> 
     </span>
     <span class='ocr_line' id='line_1_36' title="bbox 61 3727 1321 3796; baseline 0 -12"><span class='ocrx_word' id='word_1_357' title='bbox 61 3732 193 3785; x_wconf 84' lang='lat' dir='ltr'><em>stehende</em></span> <span class='ocrx_word' id='word_1_358' title='bbox 219 3732 352 3796; x_wconf 77' lang='lat' dir='ltr'><em>Analogia.</em></span> <span class='ocrx_word' id='word_1_359' title='bbox 384 3734 409 3783; x_wconf 92' lang='lat' dir='ltr'><em>S.</em></span> <span class='ocrx_word' id='word_1_360' title='bbox 428 3746 461 3782; x_wconf 90' lang='lat' dir='ltr'><em>zu</em></span> <span class='ocrx_word' id='word_1_361' title='bbox 479 3729 505 3790; x_wconf 85' lang='grc'><em>9,</em></span> <span class='ocrx_word' id='word_1_362' title='bbox 526 3728 569 3791; x_wconf 84' lang='lat'><em>29,</em></span> <span class='ocrx_word' id='word_1_363' title='bbox 585 3727 625 3781; x_wconf 80' lang='lat'><em>21.</em></span> <span class='ocrx_word' id='word_1_364' title='bbox 653 3757 682 3768; x_wconf 89' lang='grc'><strong>-</strong></span> <span class='ocrx_word' id='word_1_365' title='bbox 709 3728 732 3794; x_wconf 92' lang='grc'><em>8,</em></span> <span class='ocrx_word' id='word_1_366' title='bbox 750 3728 851 3790; x_wconf 90' lang='lat'><em>28,17.</em></span> <span class='ocrx_word' id='word_1_367' title='bbox 884 3727 1016 3780; x_wconf 82' lang='lat' dir='ltr'><em>Venire.</em></span> <span class='ocrx_word' id='word_1_368' title='bbox 1037 3730 1076 3781; x_wconf 86' lang='lat' dir='ltr'><em>F.:</em></span> <span class='ocrx_word' id='word_1_369' title='bbox 1100 3731 1205 3784; x_wconf 63' lang='lat' dir='ltr'><em>venare.</em></span> <span class='ocrx_word' id='word_1_370' title='bbox 1240 3732 1321 3784; x_wconf 82' lang='lat' dir='ltr'><em>lenes</em></span> 
     </span>
     <span class='ocr_line' id='line_1_37' title="bbox 61 3798 1321 3862; baseline -0.002 -10"><span class='ocrx_word' id='word_1_371' title='bbox 61 3800 192 3852; x_wconf 81' lang='lat' dir='ltr'><em>sohtidart</em></span> <span class='ocrx_word' id='word_1_372' title='bbox 201 3800 278 3851; x_wconf 88' lang='lat' dir='ltr'><em>mehr</em></span> <span class='ocrx_word' id='word_1_373' title='bbox 294 3800 466 3862; x_wconf 80' lang='lat' dir='ltr'><em>dieWirkung</em></span> <span class='ocrx_word' id='word_1_374' title='bbox 487 3799 530 3849; x_wconf 84' lang='lat' dir='ltr'><em>bei</em></span> <span class='ocrx_word' id='word_1_375' title='bbox 552 3798 612 3849; x_wconf 86' lang='lat' dir='ltr'><em>dem</em></span> <span class='ocrx_word' id='word_1_376' title='bbox 625 3799 744 3848; x_wconf 82' lang='lat' dir='ltr'><em>Moment</em></span> <span class='ocrx_word' id='word_1_377' title='bbox 761 3799 809 3849; x_wconf 86' lang='lat' dir='ltr'><em>des</em></span> <span class='ocrx_word' id='word_1_378' title='bbox 824 3798 976 3859; x_wconf 81' lang='lat' dir='ltr'><em>Kommens,</em></span> <span class='ocrx_word' id='word_1_379' title='bbox 995 3798 1124 3862; x_wconf 82' lang='lat' dir='ltr'><em>dieVutg.</em></span> <span class='ocrx_word' id='word_1_380' title='bbox 1143 3800 1180 3850; x_wconf 86' lang='lat' dir='ltr'><em>ist</em></span> <span class='ocrx_word' id='word_1_381' title='bbox 1196 3799 1321 3851; x_wconf 79' lang='lat' dir='ltr'><em>lebendi-</em></span> 
     </span>
     <span class='ocr_line' id='line_1_38' title="bbox 61 3864 1069 3933; baseline -0.004 -14"><span class='ocrx_word' id='word_1_382' title='bbox 61 3869 155 3933; x_wconf 77' lang='lat' dir='ltr'><em>ger,1n</em></span> <span class='ocrx_word' id='word_1_383' title='bbox 172 3880 204 3918; x_wconf 90' lang='lat' dir='ltr'><em>so</em></span> <span class='ocrx_word' id='word_1_384' title='bbox 224 3867 281 3918; x_wconf 85' lang='lat' dir='ltr'><em>tern</em></span> <span class='ocrx_word' id='word_1_385' title='bbox 301 3882 332 3918; x_wconf 90' lang='lat' dir='ltr'><em>so</em></span> <span class='ocrx_word' id='word_1_386' title='bbox 353 3869 396 3918; x_wconf 85' lang='lat' dir='ltr'><em>die</em></span> <span class='ocrx_word' id='word_1_387' title='bbox 408 3867 573 3928; x_wconf 77' lang='lat' dir='ltr'><em>Vollendung</em></span> <span class='ocrx_word' id='word_1_388' title='bbox 592 3867 640 3916; x_wconf 89' lang='lat' dir='ltr'><em>des</em></span> <span class='ocrx_word' id='word_1_389' title='bbox 660 3866 824 3928; x_wconf 84' lang='lat' dir='ltr'><em>Ereigm‘sses</em></span> <span class='ocrx_word' id='word_1_390' title='bbox 841 3866 978 3928; x_wconf 78' lang='lat' dir='ltr'><em>anticiput</em></span> <span class='ocrx_word' id='word_1_391' title='bbox 995 3864 1069 3915; x_wconf 89' lang='lat' dir='ltr'><em>wird.</em></span> 
     </span>
    </p>
   </div>
   <div class='ocr_carea' id='block_1_6' title="bbox 61 3951 1319 4159">
    <p class='ocr_par' dir='ltr' id='par_1_8' title="bbox 61 3951 1319 4159">
     <span class='ocr_line' id='line_1_39' title="bbox 129 3951 1318 4022; baseline -0.003 -14"><span class='ocrx_word' id='word_1_392' title='bbox 129 3956 154 4021; x_wconf 91' lang='lat'><em>8,</em></span> <span class='ocrx_word' id='word_1_393' title='bbox 175 3956 219 4018; x_wconf 87' lang='lat'><em>28,</em></span> <span class='ocrx_word' id='word_1_394' title='bbox 240 3956 279 4009; x_wconf 91' lang='lat'><em>18.</em></span> <span class='ocrx_word' id='word_1_395' title='bbox 314 3957 406 4008; x_wconf 84' lang='lat' dir='ltr'><em>Olim.</em></span> <span class='ocrx_word' id='word_1_396' title='bbox 428 3959 453 4008; x_wconf 84' lang='lat' dir='ltr'><em>S.</em></span> <span class='ocrx_word' id='word_1_397' title='bbox 469 3953 495 4017; x_wconf 84' lang='lat'><em>6,</em></span> <span class='ocrx_word' id='word_1_398' title='bbox 516 3953 557 4020; x_wconf 73' lang='lat'><em>42,</em></span> <span class='ocrx_word' id='word_1_399' title='bbox 574 3953 616 4006; x_wconf 90' lang='lat'><em>20.</em></span> <span class='ocrx_word' id='word_1_400' title='bbox 637 3984 669 3992; x_wconf 89' lang='lat'>—</span> <span class='ocrx_word' id='word_1_401' title='bbox 695 3962 876 4022; x_wconf 85' lang='lat' dir='ltr'><em>parentes,</em></span> <span class='ocrx_word' id='word_1_402' title='bbox 900 3957 1032 4007; x_wconf 80' lang='lat' dir='ltr'><em>vieileieht</em></span> <span class='ocrx_word' id='word_1_403' title='bbox 1048 3957 1100 4006; x_wconf 84' lang='lat' dir='ltr'><em>wie</em></span> <span class='ocrx_word' id='word_1_404' title='bbox 1117 3951 1142 4017; x_wconf 83' lang='lat'><em>6,</em></span> <span class='ocrx_word' id='word_1_405' title='bbox 1161 3952 1202 4018; x_wconf 90' lang='grc'><em>40,</em></span> <span class='ocrx_word' id='word_1_406' title='bbox 1221 3954 1262 4006; x_wconf 88' lang='grc'><em>30.</em></span> <span class='ocrx_word' id='word_1_407' title='bbox 1289 3983 1318 3993; x_wconf 92' lang='grc'><strong>-</strong></span> 
     </span>
     <span class='ocr_line' id='line_1_40' title="bbox 61 4020 1319 4087; baseline -0.002 -11"><span class='ocrx_word' id='word_1_408' title='bbox 61 4024 162 4076; x_wconf 80' lang='lat' dir='ltr'><em>solvi.</em></span> <span class='ocrx_word' id='word_1_409' title='bbox 188 4028 215 4075; x_wconf 89' lang='lat' dir='ltr'><em>S.</em></span> <span class='ocrx_word' id='word_1_410' title='bbox 232 4028 285 4076; x_wconf 89' lang='lat' dir='ltr'><em>Liv.</em></span> <span class='ocrx_word' id='word_1_411' title='bbox 305 4024 332 4087; x_wconf 87' lang='grc'><strong>8,</strong></span> <span class='ocrx_word' id='word_1_412' title='bbox 351 4023 376 4086; x_wconf 89' lang='grc'><em>4,</em></span> <span class='ocrx_word' id='word_1_413' title='bbox 396 4024 428 4075; x_wconf 89' lang='lat'><em>7:</em></span> <span class='ocrx_word' id='word_1_414' title='bbox 449 4024 613 4074; x_wconf 83' lang='lat' dir='ltr'><em>ducentorum</em></span> <span class='ocrx_word' id='word_1_415' title='bbox 632 4039 757 4073; x_wconf 85' lang='lat' dir='ltr'><em>annosum</em></span> <span class='ocrx_word' id='word_1_416' title='bbox 771 4039 866 4072; x_wconf 84' lang='lat' dir='ltr'><em>morem</em></span> <span class='ocrx_word' id='word_1_417' title='bbox 882 4023 1095 4073; x_wconf 82' lang='lat' dir='ltr'><em>solveremus.</em></span> <span class='ocrx_word' id='word_1_418' title='bbox 1117 4050 1149 4058; x_wconf 93' lang='lat'>—</span> <span class='ocrx_word' id='word_1_419' title='bbox 1175 4020 1261 4086; x_wconf 90' lang='lat'><em>8,28‚</em></span> <span class='ocrx_word' id='word_1_420' title='bbox 1281 4021 1319 4075; x_wconf 90' lang='lat'><em>19.</em></span> 
     </span>
     <span class='ocr_line' id='line_1_41' title="bbox 61 4087 1122 4159; baseline -0.002 -17"><span class='ocrx_word' id='word_1_421' title='bbox 61 4091 158 4143; x_wconf 76' lang='lat' dir='ltr'><em>Modo</em></span> <span class='ocrx_word' id='word_1_422' title='bbox 179 4093 313 4144; x_wconf 80' lang='lat' dir='ltr'><em>audisti</em></span> <span class='ocrx_word' id='word_1_423' title='bbox 329 4094 393 4144; x_wconf 79' lang='lat' dir='ltr'><em>tent</em></span> <span class='ocrx_word' id='word_1_424' title='bbox 410 4096 437 4143; x_wconf 90' lang='lat' dir='ltr'><em>in</em></span> <span class='ocrx_word' id='word_1_425' title='bbox 456 4094 560 4159; x_wconf 82' lang='lat' dir='ltr'><em>einigen</em></span> <span class='ocrx_word' id='word_1_426' title='bbox 578 4091 725 4143; x_wconf 86' lang='lat' dir='ltr'><em>Haudschr.</em></span> <span class='ocrx_word' id='word_1_427' title='bbox 746 4119 778 4126; x_wconf 88' lang='lat'>—</span> <span class='ocrx_word' id='word_1_428' title='bbox 798 4107 890 4142; x_wconf 86' lang='lat' dir='ltr'><em>nunc.</em></span> <span class='ocrx_word' id='word_1_429' title='bbox 912 4093 937 4142; x_wconf 87' lang='lat' dir='ltr'><em>S.</em></span> <span class='ocrx_word' id='word_1_430' title='bbox 959 4106 993 4142; x_wconf 85' lang='lat' dir='ltr'><em>zu</em></span> <span class='ocrx_word' id='word_1_431' title='bbox 1012 4089 1036 4154; x_wconf 87' lang='grc'><strong>3,</strong></span> <span class='ocrx_word' id='word_1_432' title='bbox 1054 4087 1079 4154; x_wconf 90' lang='grc'><strong>9,</strong></span> <span class='ocrx_word' id='word_1_433' title='bbox 1098 4087 1122 4140; x_wconf 82' lang='grc'><em>5.</em></span> 
     </span>
    </p>
   </div>
   <div class='ocr_carea' id='block_1_7' title="bbox 61 4189 1323 4527">
    <p class='ocr_par' dir='ltr' id='par_1_9' title="bbox 61 4189 1323 4527">
     <span class='ocr_line' id='line_1_42' title="bbox 131 4189 1321 4257; baseline -0.001 -14"><span class='ocrx_word' id='word_1_434' title='bbox 131 4191 156 4254; x_wconf 87' lang='grc'><em>8,</em></span> <span class='ocrx_word' id='word_1_435' title='bbox 173 4192 214 4257; x_wconf 89' lang='lat'><em>29,</em></span> <span class='ocrx_word' id='word_1_436' title='bbox 232 4191 275 4244; x_wconf 88' lang='lat'><em>20.</em></span> <span class='ocrx_word' id='word_1_437' title='bbox 304 4192 519 4244; x_wconf 75' lang='lat' dir='ltr'><em>Hominibus.</em></span> <span class='ocrx_word' id='word_1_438' title='bbox 540 4197 600 4244; x_wconf 89' lang='lat' dir='ltr'><em>Man</em></span> <span class='ocrx_word' id='word_1_439' title='bbox 622 4194 785 4244; x_wconf 85' lang='lat' dir='ltr'><em>vermuthet:</em></span> <span class='ocrx_word' id='word_1_440' title='bbox 807 4191 1025 4254; x_wconf 84' lang='lat' dir='ltr'><em>commilitonibus,</em></span> <span class='ocrx_word' id='word_1_441' title='bbox 1042 4189 1181 4252; x_wconf 81' lang='lat' dir='ltr'><em>comitibus,</em></span> <span class='ocrx_word' id='word_1_442' title='bbox 1201 4190 1321 4242; x_wconf 82' lang='lat' dir='ltr'><em>omnibus.</em></span> 
     </span>
     <span class='ocr_line' id='line_1_43' title="bbox 62 4255 1318 4322; baseline -0.001 -13"><span class='ocrx_word' id='word_1_443' title='bbox 62 4261 216 4313; x_wconf 83' lang='lat' dir='ltr'><em>Vielicicht:</em></span> <span class='ocrx_word' id='word_1_444' title='bbox 234 4261 364 4312; x_wconf 77' lang='lat' dir='ltr'><em>iuvenibus</em></span> <span class='ocrx_word' id='word_1_445' title='bbox 385 4263 451 4311; x_wconf 89' lang='lat' dir='ltr'><em>oder</em></span> <span class='ocrx_word' id='word_1_446' title='bbox 468 4259 629 4311; x_wconf 85' lang='lat' dir='ltr'><em>satellitibus.</em></span> <span class='ocrx_word' id='word_1_447' title='bbox 652 4288 680 4298; x_wconf 90' lang='lat'>—</span> <span class='ocrx_word' id='word_1_448' title='bbox 702 4277 742 4309; x_wconf 79' lang='lat' dir='ltr'><em>en</em></span> <span class='ocrx_word' id='word_1_449' title='bbox 760 4260 867 4310; x_wconf 87' lang='lat' dir='ltr'><em>eadem</em></span> <span class='ocrx_word' id='word_1_450' title='bbox 886 4259 1034 4311; x_wconf 73' lang='lat' dir='ltr'><em>cohorte.</em></span> <span class='ocrx_word' id='word_1_451' title='bbox 1054 4259 1140 4322; x_wconf 83' lang='lat' dir='ltr'><em>Vergi.</em></span> <span class='ocrx_word' id='word_1_452' title='bbox 1159 4255 1185 4318; x_wconf 89' lang='grc'><strong>8,</strong></span> <span class='ocrx_word' id='word_1_453' title='bbox 1199 4256 1240 4319; x_wconf 90' lang='lat'><em>21,</em></span> <span class='ocrx_word' id='word_1_454' title='bbox 1252 4256 1276 4309; x_wconf 91' lang='lat'><em>7.</em></span> <span class='ocrx_word' id='word_1_455' title='bbox 1290 4286 1318 4296; x_wconf 89' lang='lat'>-</span> 
     </span>
     <span class='ocr_line' id='line_1_44' title="bbox 61 4325 1323 4393; baseline -0.002 -14"><span class='ocrx_word' id='word_1_456' title='bbox 61 4326 89 4390; x_wconf 89' lang='grc'><strong>8,</strong></span> <span class='ocrx_word' id='word_1_457' title='bbox 109 4326 150 4393; x_wconf 91' lang='lat'><em>29,</em></span> <span class='ocrx_word' id='word_1_458' title='bbox 170 4326 212 4381; x_wconf 87' lang='lat'><em>21.</em></span> <span class='ocrx_word' id='word_1_459' title='bbox 241 4329 396 4380; x_wconf 81' lang='lat' dir='ltr'><em>interiit.</em></span> <span class='ocrx_word' id='word_1_460' title='bbox 432 4329 522 4380; x_wconf 86' lang='lat' dir='ltr'><em>Duroh</em></span> <span class='ocrx_word' id='word_1_461' title='bbox 548 4329 621 4380; x_wconf 85' lang='lat' dir='ltr'><em>diese</em></span> <span class='ocrx_word' id='word_1_462' title='bbox 640 4329 781 4391; x_wconf 86' lang='lat' dir='ltr'><em>Weudung</em></span> <span class='ocrx_word' id='word_1_463' title='bbox 808 4328 918 4391; x_wconf 81' lang='lat' dir='ltr'><em>umgeht</em></span> <span class='ocrx_word' id='word_1_464' title='bbox 944 4328 970 4378; x_wconf 87' lang='lat' dir='ltr'><em>C.</em></span> <span class='ocrx_word' id='word_1_465' title='bbox 996 4328 1039 4378; x_wconf 85' lang='lat' dir='ltr'><em>die</em></span> <span class='ocrx_word' id='word_1_466' title='bbox 1063 4340 1196 4390; x_wconf 76' lang='lat' dir='ltr'><em>gensuere</em></span> <span class='ocrx_word' id='word_1_467' title='bbox 1215 4325 1323 4390; x_wconf 77' lang='lat' dir='ltr'><em>Angabe</em></span> 
     </span>
     <span class='ocr_line' id='line_1_45' title="bbox 62 4391 1322 4517; baseline -0.005 -69"><span class='ocrx_word' id='word_1_468' title='bbox 62 4398 113 4448; x_wconf 89' lang='lat' dir='ltr'><em>der</em></span> <span class='ocrx_word' id='word_1_469' title='bbox 132 4399 271 4460; x_wconf 85' lang='lat' dir='ltr'><em>Todesart,</em></span> <span class='ocrx_word' id='word_1_470' title='bbox 290 4398 357 4517; x_wconf 66' lang='lat' dir='ltr'><em>abqr</em></span> <span class='ocrx_word' id='word_1_471' title='bbox 375 4397 419 4514; x_wconf 65' lang='lat' dir='ltr'><em>qqe</em></span> <span class='ocrx_word' id='word_1_472' title='bbox 437 4411 468 4514; x_wconf 65' lang='lat' dir='ltr'><em>gs</em></span> <span class='ocrx_word' id='word_1_473' title='bbox 486 4397 678 4448; x_wconf 85' lang='lat' dir='ltr'><em>verschiedene</em></span> <span class='ocrx_word' id='word_1_474' title='bbox 693 4397 875 4459; x_wconf 78' lang='lat' dir='ltr'><em>Erzahlungen</em></span> <span class='ocrx_word' id='word_1_475' title='bbox 893 4393 952 4460; x_wconf 80' lang='lat' dir='ltr'><em>gab.</em></span> <span class='ocrx_word' id='word_1_476' title='bbox 974 4421 1006 4431; x_wconf 96' lang='lat'>-</span> <span class='ocrx_word' id='word_1_477' title='bbox 1027 4392 1051 4457; x_wconf 91' lang='lat'><em>8,</em></span> <span class='ocrx_word' id='word_1_478' title='bbox 1070 4392 1111 4456; x_wconf 84' lang='lat'><em>29,</em></span> <span class='ocrx_word' id='word_1_479' title='bbox 1132 4391 1173 4445; x_wconf 85' lang='lat'><em>22.</em></span> <span class='ocrx_word' id='word_1_480' title='bbox 1199 4393 1322 4443; x_wconf 80' lang='lat' dir='ltr'><em>Perse-</em></span> 
     </span>
     <span class='ocr_line' id='line_1_46' title="bbox 61 4468 460 4527; baseline 0 -13"><span class='ocrx_word' id='word_1_481' title='bbox 61 4473 214 4516; x_wconf 78' lang='lat' dir='ltr'><em>voraret.</em></span> <span class='ocrx_word' id='word_1_482' title='bbox 235 4468 260 4516; x_wconf 90' lang='lat' dir='ltr'><em>S.</em></span> <span class='ocrx_word' id='word_1_483' title='bbox 278 4481 311 4516; x_wconf 90' lang='lat' dir='ltr'><em>zu</em></span> <span class='ocrx_word' id='word_1_484' title='bbox 348 4502 355 4527; x_wconf 91' lang='lat'><em>,</em></span> <span class='ocrx_word' id='word_1_485' title='bbox 410 4503 416 4527; x_wconf 89' lang='lat'><em>,</em></span> <span class='ocrx_word' id='word_1_486' title='bbox 455 4503 460 4514; x_wconf 94' lang='lat'><strong>.</strong></span> 
     </span>
    </p>
   </div>
   <div class='ocr_carea' id='block_1_8' title="bbox 62 4550 1324 4695">
    <p class='ocr_par' dir='ltr' id='par_1_10' title="bbox 62 4550 1324 4695">
     <span class='ocr_line' id='line_1_47' title="bbox 131 4550 1324 4619; baseline -0.005 -12"><span class='ocrx_word' id='word_1_487' title='bbox 131 4553 156 4617; x_wconf 87' lang='lat'><em>8,</em></span> <span class='ocrx_word' id='word_1_488' title='bbox 173 4554 217 4616; x_wconf 81' lang='lat'><em>30,</em></span> <span class='ocrx_word' id='word_1_489' title='bbox 236 4555 261 4607; x_wconf 90' lang='lat'><em>1.</em></span> <span class='ocrx_word' id='word_1_490' title='bbox 284 4555 453 4619; x_wconf 73' lang='lat' dir='ltr'><em>Serendis.</em></span> <span class='ocrx_word' id='word_1_491' title='bbox 473 4557 499 4606; x_wconf 89' lang='lat' dir='ltr'><em>S.</em></span> <span class='ocrx_word' id='word_1_492' title='bbox 520 4555 573 4604; x_wconf 83' lang='lat' dir='ltr'><em>liv.</em></span> <span class='ocrx_word' id='word_1_493' title='bbox 593 4550 638 4613; x_wconf 81' lang='grc'><strong>34,</strong></span> <span class='ocrx_word' id='word_1_494' title='bbox 658 4551 700 4615; x_wconf 84' lang='grc'><em>37,</em></span> <span class='ocrx_word' id='word_1_495' title='bbox 720 4552 749 4603; x_wconf 88' lang='lat'><em>1:</em></span> <span class='ocrx_word' id='word_1_496' title='bbox 770 4551 937 4603; x_wconf 74' lang='lat' dir='ltr'><em>baec&#39;inter</em></span> <span class='ocrx_word' id='word_1_497' title='bbox 955 4568 982 4601; x_wconf 86' lang='lat' dir='ltr'><em>se</em></span> <span class='ocrx_word' id='word_1_498' title='bbox 1000 4553 1084 4618; x_wconf 76' lang='lat' dir='ltr'><em>primo</em></span> <span class='ocrx_word' id='word_1_499' title='bbox 1101 4553 1129 4602; x_wconf 82' lang='lat' dir='ltr'><em>in</em></span> <span class='ocrx_word' id='word_1_500' title='bbox 1147 4551 1252 4602; x_wconf 85' lang='lat' dir='ltr'><em>circulis</em></span> <span class='ocrx_word' id='word_1_501' title='bbox 1269 4569 1324 4601; x_wconf 89' lang='lat' dir='ltr'><em>se··</em></span> 
     </span>
     <span class='ocr_line' id='line_1_48' title="bbox 62 4617 1324 4695; baseline -0.002 -24"><span class='ocrx_word' id='word_1_502' title='bbox 62 4631 181 4674; x_wconf 81' lang='lat' dir='ltr'><em>rentes</em></span> <span class='ocrx_word' id='word_1_503' title='bbox 198 4625 314 4687; x_wconf 74' lang='lat' dir='ltr'><em>tressera.</em></span> <span class='ocrx_word' id='word_1_504' title='bbox 328 4651 356 4662; x_wconf 92' lang='lat'><em>·-</em></span> <span class='ocrx_word' id='word_1_505' title='bbox 372 4631 495 4695; x_wconf 72' lang='lat' dir='ltr'><em>natum.</em></span> <span class='ocrx_word' id='word_1_506' title='bbox 517 4625 542 4673; x_wconf 87' lang='lat' dir='ltr'><em>S.</em></span> <span class='ocrx_word' id='word_1_507' title='bbox 561 4622 615 4672; x_wconf 73' lang='lat' dir='ltr'><em>Lis.</em></span> <span class='ocrx_word' id='word_1_508' title='bbox 638 4618 680 4684; x_wconf 88' lang='lat'><em>22,</em></span> <span class='ocrx_word' id='word_1_509' title='bbox 697 4617 739 4683; x_wconf 82' lang='grc'><em>44,</em></span> <span class='ocrx_word' id='word_1_510' title='bbox 756 4618 786 4670; x_wconf 79' lang='grc' dir='ltr'><em>4τ</em></span> <span class='ocrx_word' id='word_1_511' title='bbox 806 4620 869 4671; x_wconf 82' lang='lat' dir='ltr'><em>locis</em></span> <span class='ocrx_word' id='word_1_512' title='bbox 886 4619 979 4670; x_wconf 86' lang='lat' dir='ltr'><em>natis</em></span> <span class='ocrx_word' id='word_1_513' title='bbox 998 4620 1034 4670; x_wconf 79' lang='lat' dir='ltr'><em>ed</em></span> <span class='ocrx_word' id='word_1_514' title='bbox 1051 4627 1189 4685; x_wconf 81' lang='lat' dir='ltr'><em>equestrem</em></span> <span class='ocrx_word' id='word_1_515' title='bbox 1204 4636 1324 4687; x_wconf 74' lang='lat' dir='ltr'><em>posquam.</em></span> 
     </span>
    </p>
   </div>
   <div class='ocr_carea' id='block_1_9' title="bbox 1057 4685 1124 4755">
    <p class='ocr_par' dir='ltr' id='par_1_11' title="bbox 1057 4685 1124 4755">
     <span class='ocr_line' id='line_1_49' title="bbox 1057 4685 1124 4755; baseline 0 -8"><span class='ocrx_word' id='word_1_516' title='bbox 1057 4685 1124 4755; x_wconf 77' lang='lat'><em>18*</em></span> 
     </span>
    </p>
   </div>
   <div class='ocr_carea' id='block_1_10' title="bbox 0 0 1414 5002">
    <p class='ocr_par' dir='ltr' id='par_1_12' title="bbox 0 0 1414 5002">
     <span class='ocr_line' id='line_1_50' title="bbox 0 0 1414 5002; baseline 0 0"><span class='ocrx_word' id='word_1_517' title='bbox 0 0 1414 5002; x_wconf 95' lang='lat' dir='ltr'><em> </em></span> 
     </span>
    </p>
   </div>
  </div>
 </body>
</html>
