2820 4964
108 177 173 246 eos
345 178 348 183 ·
578 177 619 258 o.
643 177 784 240 curru
806 178 904 241 surr

109 371 176 416 esse
192 346 358 430 respondit.
406 339 520 407 2⁴Turn
539 346 707 409 detractum
727 366 797 410 eum
820 347 902 411 lecto
923 367 979 409 rex
996 348 1178 428 praecipitat
1196 349 1229 411 in
1252 356 1370 414 terram.

79 449 85 457 ’
107 452 147 512 Et
168 468 260 531 quum
282 447 307 508 is
325 464 439 524 pronus
455 443 629 521 corruisset,
656 446 789 521 Videam,
813 444 918 527 iuquit,
940 444 1021 507 idam
1040 452 1070 507 ta
1086 445 1213 526 faciam,
1235 449 1322 525 quad
1338 452 1373 509 in

108 550 172 609 alio
192 545 291 625 paulo
315 549 387 603 areta
414 538 555 603 ridebas?
597 538 637 602 Et
661 541 738 603 tradi
767 560 805 603 eo
834 541 865 601 in
890 542 1058 605 custodiam
1078 542 1172 621 iusso,
1198 545 1372 607 convivium

108 645 204 707 solvit
247 639 463 719 Polyperconti
483 637 603 719 quidem
624 646 740 719 postea,
759 638 902 717 castigato
924 638 985 715 diu,
1012 637 1142 718 ignovit:
1171 638 1373 705 1111111111111-

108 744 240 815 sthenen,
262 737 334 798 olim
355 734 560 797 contumaciae
582 742 765 815 suspectum,
786 735 1001 815 pervicacioris
1021 736 1084 798 irae
1102 737 1167 800 fuit.¹
1203 739 1304 801 Cuius
1325 759 1373 799 ex-

107 837 234 918 plendae
255 840 372 895 matura
394 831 517 894 obvenit
536 833 667 895 occasio.

190 931 279 994 XXL
321 926 410 992 2Μο1
440 934 511 1005 erat,
543 936 578 991 ut
607 949 702 1008 supra
729 930 843 991 dictmn
869 936 923 1006 est,
949 928 1136 1009 principibus
1159 932 1372 1009 Macedonum,

107 1032 227 1095 adultos
249 1028 362 1090 liberos
392 1027 513 1106 regibus
535 1025 662 1102 tradere,
693 1026 732 1086 ad
754 1027 855 1088 munia
875 1026 956 1087 haud
980 1025 1109 1087 multum
1128 1028 1296 1091 servilibus
1321 1030 1371 1091 mi-

106 1128 237 1192 nisteriis
267 1123 465 1186 abhorrentia
511 1117 739 1199 ³Excubabant,
768 1122 895 1185 servatis
916 1123 1057 1185 noctium
1080 1123 1207 1201 vicibus,
1240 1126 1370 1205 proximi

107 1227 224 1289 foribus
246 1223 314 1284 eius
330 1220 421 1295 aedis,
451 1219 483 1279 in
509 1240 568 1300 qua
590 1239 645 1281 rex
664 1219 882 1300 acquiescebat
924 1222 983 1281 Per
1003 1220 1061 1280 hos
1082 1220 1208 1299 pellices
1236 1222 1371 1285 introdu-

107 1325 253 1385 cebantur
273 1318 333 1380 alio
355 1318 446 1393 aditu,
469 1335 559 1397 quam
577 1336 666 1397 quem
685 1316 790 1377 armati
811 1316 997 1379 obsidebant.
1040 1310 1317 1398 ⁴lidemaoceptos
1335 1319 1371 1379 ab

105 1418 288 1501 agasonibus
311 1434 416 1494 equos,
443 1434 536 1495 quum
557 1433 612 1473 rex
632 1433 811 1475 ascensurus
832 1420 919 1488 esset,
948 1414 1157 1491 admovebant,
1185 1416 1372 1477 comitabere

105 1526 213 1598 turqne
240 1520 270 1575 et
296 1518 455 1574 venantem
483 1518 513 1572 et
537 1511 569 1571 in
595 1510 732 1589 proeliis,
761 1508 901 1571 omnibus
926 1510 1042 1573 artibus
1063 1510 1235 1573 studiorum
1263 1510 1370 1574 libera-

104 1615 178 1676 lium
197 1602 319 1673 elrculii.
342 1605 547 1687 ⁵Praecipuus
571 1608 671 1669 honor
690 1606 863 1681 habebatur,
886 1606 969 1687 quod
988 1606 1100 1668 licebat
1120 1607 1301 1671 sedentibus
1321 1627 1369 1669 ve

105 1712 149 1774 sci
171 1729 239 1771 cum
259 1724 340 1785 rege.
374 1704 546 1782 Castigandi
567 1723 622 1766 eos
641 1702 818 1765 verberibus
838 1701 952 1764 nullius
968 1708 1103 1782 potestas
1122 1710 1248 1782 praeter
1270 1705 1369 1785 ipsum

105 1814 178 1871 erat.
221 1802 324 1866 ⁶·Haec
351 1802 463 1863 cohors
491 1801 575 1862 velut
605 1800 796 1862 seminarium
826 1799 937 1861 ducum
965 1800 1254 1881 praefectorumque
1288 1802 1369 1881 apud

104 1905 287 1987 Macedonas
308 1900 379 1961 fuit:
408 1896 478 1958 hinc
500 1898 631 1959 habuere
652 1896 768 1977 posteri
789 1915 885 1975 reges,
908 1916 1038 1977 quorum
1058 1896 1146 1976 stirpi
1165 1903 1239 1976 post
1260 1898 1368 1960 multas

105 2010 216 2066 aetates
236 1995 364 2061 Romani
384 2013 458 2073 opes
481 1995 664 2056 ademerunt.

181 2096 295 2176 ⁷lgitur
314 2091 503 2167 Hermolaus,
523 2111 601 2171 puer
621 2090 731 2151 nobilis
750 2108 788 2150 ex
806 2089 890 2168 regia
909 2091 1044 2166 cohorte,
1064 2110 1157 2171 quum
1176 2110 1288 2171 aprum
1306 2094 1367 2155 telo

105 2200 293 2274 occupasset,
314 2209 404 2272 quem
426 2209 480 2250 rex
502 2188 592 2250 ferire
613 2186 820 2263 destinaverat,
852 2186 934 2249 iussu
958 2188 1024 2249 eius
1044 2187 1223 2251 verberibus
1244 2190 1366 2252 allectus

105 2302 158 2356 est
202 2297 300 2372 Quam
328 2286 519 2368 ignominiam
551 2303 641 2364 aegre
674 2284 775 2347 ferens
801 2284 912 2345 deflere
945 2285 1027 2364 apud
1054 2284 1228 2347 Sostratum
1258 2288 1365 2368 coepit

105 2388 170 2455 8Er
192 2389 297 2450 eadem
320 2386 444 2446 cohorte
464 2388 528 2444 erat
546 2383 713 2456 Sostratus,
742 2400 846 2442 amore
869 2381 933 2443 eius
954 2382 1073 2444 ardens.
1117 2381 1180 2457 Qui
1207 2404 1303 2465 quum
1327 2386 1365 2446 la-

105 2495 237 2552 ceratum
257 2502 378 2562 corpus,
409 2482 439 2541 in
462 2500 523 2561 quo
552 2478 717 2558 deperibat,
747 2480 922 2555 intueretur,
949 2478 1075 2540 forsitan
1103 2477 1179 2539 olim
1207 2482 1251 2542 ob
1280 2483 1365 2544 aliam

105 2604 226 2670 quoque
249 2601 368 2645 causam
389 2578 454 2657 regi
474 2578 608 2653 infestus,
638 2577 776 2637 iuvenem
794 2595 849 2637 sua
870 2581 977 2654 sponte
998 2576 1057 2637 iam
1079 2582 1194 2637 motum
1216 2578 1290 2640 data
1310 2581 1365 2641 lide

104 2687 287 2762 acceptaque
306 2675 445 2757 perpulit,
475 2680 509 2735 ut
531 2673 691 2735 occidendi
708 2692 810 2753 regem
831 2672 990 2734 consilium
1010 2692 1114 2735 secum
1132 2673 1232 2737 iniret.
1280 2672 1365 2739 ⁹Nec

172 2907 196 2973 8,
214 2902 312 2971 91191.
350 2899 548 2953 Coacioiam
571 2898 691 2963 solvit,
717 2902 769 2950 wie
792 2897 875 2963 aaa,
898 2894 939 2951 16.
988 2898 1060 2949 Nach
1087 2901 1137 2950 der
1159 2898 1291 2965 analogia
1315 2917 1365 2953 von

105 2978 257 3029 obsidionem
272 2973 377 3035 solvere,
397 2986 418 3023 s.
440 2985 472 3020 zu
491 2967 515 3032 6,
536 2965 637 3031 91311.
660 2996 691 3005 -
716 2975 843 3035 pastea.
878 2969 967 3027 Schun
985 2965 1009 3031 8,
1028 2965 1062 3017 39
1080 2968 1219 3019 erscheint
1245 2984 1278 3021 er
1298 2973 1364 3021 wie-

104 3050 153 3098 der
174 3048 201 3095 in
219 3043 376 3105 Thitigkeit.

170 3133 196 3193 8,
215 3132 259 3192 91,
279 3130 303 3180 9.
340 3131 455 3194 Sapra.
487 3130 511 3177 S.
528 3126 552 3189 5,
571 3125 598 3187 6,
615 3124 657 3178 hi.
678 3154 707 3164 -—
741 3124 1206 3187 8,91,3.Ν11111111111111111.
1240 3132 1270 3182 S.
1290 3131 1364 3187 zui,

103 3202 145 3263 21,
165 3200 203 3250 11,
226 3226 254 3235 -
275 3198 346 3246 aias
366 3195 469 3245 aedis.
491 3195 528 3243 F.:
548 3194 623 3244 aedis.
646 3221 677 3230 -
695 3193 719 3257 8,
735 3194 776 3257 91,
798 3194 822 3246 5.
843 3193 1013 3244 Potestas.
1041 3190 1118 3244 duob
1134 3197 1205 3247 nach
1224 3196 1252 3260 8,
1273 3198 1316 3263 93,
1334 3198 1365 3249 m

104 3283 179 3322 muas
193 3281 254 3317 man
276 3265 323 3315 aul
346 3263 535 3327 eigenhsndige
554 3263 717 3326 Zhohtigung
737 3265 891 3314 schliessen.
927 3261 1011 3313 Allein
1031 3262 1151 3325 dagagen
1168 3266 1287 3330 spricht,
1311 3282 1364 3319 was

105 3344 132 3390 (1.
151 3339 203 3388 den
222 3333 369 3385 Alexander
387 3345 468 3394 sagea
488 3331 552 3380 lesst
570 3326 594 3391 8,
613 3326 655 3391 96,
673 3328 704 3381 3:
727 3331 851 3397 castipari
869 3346 924 3379 eam
941 3330 1013 3390 111111,
1032 3343 1063 3381 so
1081 3332 1133 3381 wie
1152 3332 1229 3382 Curt.
1242 3330 1269 3397 8,
1284 3334 1326 3399 91,
1339 3335 1364 3385 7:

104 3409 174 3457 iassa
195 3405 246 3453 cias
265 3399 409 3452 verberibus
431 3397 538 3462 affectas
558 3404 601 3460 est,
622 3399 676 3448 und
694 3401 801 3449 Arrians
819 3399 964 3461 Erzahlung
988 3394 1012 3461 4,
1032 3394 1072 3460 13,
1089 3394 1115 3450 9.
1149 3400 1295 3453 Vieheicht
1314 3419 1365 3455 war

106 3479 154 3527 der
174 3474 276 3524 sruhste
297 3468 438 3520 Gehrauch
460 3467 520 3516 dem
538 3466 679 3516 husdruck
697 3481 810 3518 unscrer
827 3467 905 3516 Stella
923 3479 1107 3529 angemessen‚
1123 3466 1161 3516 als
1180 3467 1227 3519 die
1240 3470 1365 3522 Verhillt-

106 3545 179 3593 nisse
200 3542 248 3590 der
265 3536 489 3589 macedonischen
504 3535 651 3586 Herrscher
670 3536 738 3584 noch
759 3535 892 3585 einiacher
912 3547 1010 3583 waren.

171 3630 198 3692 8,
216 3630 259 3690 91,
278 3628 301 3680 6,
339 3627 572 3677 Serrriaariam.
607 3628 636 3676 ln
657 3626 793 3676 iihnlicher
810 3626 1011 3689 Uebertragung
1034 3638 1056 3673 z.
1075 3625 1102 3675 Β.
1121 3626 1176 3675 Cic.
1196 3627 1225 3676 in
1244 3628 1322 3681 Catil.
1341 3628 1365 3687 9,

106 3701 145 3763 10,
164 3698 199 3750 93
221 3713 274 3748 von
294 3699 345 3748 den
363 3696 565 3759 leichtsinnigen
586 3696 685 3757 jungen
707 3697 815 3755 Leuten,
840 3694 884 3743 die
901 3695 959 3744 sich
978 3693 1039 3743 dem
1059 3693 1170 3743 Catilina
1186 3697 1366 3759 angesehlos-

104 3786 152 3822 sen
168 3771 276 3820 hatten:
296 3765 387 3814 scitote
403 3763 451 3812 hoe
468 3763 496 3811 ia
512 3761 644 3828 republica
664 3761 882 3810 seminarium
902 3758 1141 3809 catilinarium
1155 3760 1284 3823 smum.
1316 3768 1365 3816 Lis,

104 3837 145 3901 19,
165 3835 206 3899 61,
227 3835 256 3886 5:
281 3834 376 3899 equites
394 3830 448 3880 iliis
465 3831 594 3897 principes
615 3830 760 3892 iuventatis,
779 3829 874 3895 equites
893 3826 1107 3877 seminariam
1128 3836 1284 3880 senatus.-
1311 3832 1367 3882 iada

105 3909 182 3958 lectos
199 3906 228 3954 ia
242 3910 347 3969 patiam
365 3915 495 3948 cameram
512 3897 634 3960 coasales,
651 3896 710 3947 inde
726 3898 892 3964 imperatores
909 3902 1004 3946 creant.
1026 3923 1057 3932 -
1078 3895 1188 3963 stirpi.
1212 3900 1253 3949 Z.:
1273 3901 1366 3969 stirpi-

105 3976 156 4036 bus,
181 3986 308 4037 wogegen
335 3971 378 4019 dic
399 3969 542 4017 Varianten
565 3981 598 4017 zu
624 3967 756 4029 sprechen
780 3966 916 4016 schoinen.
951 3966 1004 4013 Der
1028 3963 1151 4028 Singuler
1176 3964 1215 4016 im
1241 3968 1366 4019 collecti.

105 4059 155 4095 ven
176 4045 248 4093 Sinn.

171 4132 195 4194 8,
212 4130 254 4193 91,
274 4129 300 4180 7.
337 4126 441 4193 sepia
466 4124 615 4174 cohorte.
652 4125 704 4175 Der
723 4120 867 4175 Ausdruclr
887 4125 923 4173 ist
941 4123 1015 4172 nicht
1038 4136 1092 4172 von
1113 4123 1163 4173 der
1179 4119 1225 4192 [λη
1238 4124 1365 4243 ῧσιλιιῂ

103 4204 155 4253 τῶν
173 4200 280 4270 ἑταίρων
302 4212 334 4247 zu
352 4195 503 4253 verstehen,
522 4193 647 4253 sondern,
665 4206 695 4242 so
712 4194 764 4243 wie
781 4190 820 4252 10,
836 4187 877 4253 91,
896 4186 941 4239 16;
959 4205 1097 4256 marana
1114 4191 1189 4256 regia
1207 4208 1238 4243 aa
1288 4211 1312 4255 ς,
1329 4197 1367 4247 ⁸15

105 4273 320 4321 Gesammtname
344 4265 385 4314 1111
413 4263 457 4312 die
483 4260 552 4311 eben
575 4260 752 4324 geschilderte
773 4262 854 4324 junge
871 4259 1038 4321 Nobelgarde
1060 4272 1094 4309 zu
1117 4260 1242 4312 nahmen.
1278 4263 1366 4328 Vergl.

105 4340 174 4388 auch
193 4335 217 4399 8,
235 4333 278 4396 98,
296 4331 345 4382 901
363 4345 417 4380 von
437 4329 579 4380 derselben
596 4329 631 4377 ist
650 4329 783 4378 vielleicht
800 4328 869 4379 auch
886 4323 911 4389 8,
928 4321 971 4388 10,
989 4324 1006 4377 9
1023 4340 1057 4376 zu
1073 4326 1225 4379 verstehen.
1247 4356 1277 4367 -·
1306 4330 1365 4380 da-

104 4404 199 4467 11111.
238 4404 268 4452 ln
290 4401 429 4450 milderem
446 4399 510 4447 Sinn
534 4411 567 4447 zu
587 4397 708 4458 nahmen,
737 4397 791 4446 ihr:
817 4396 873 4447 sich
894 4396 966 4446 starlr
985 4394 1121 4458 behlagen.
1147 4397 1201 4447 wie
1217 4394 1243 4459 8,
1263 4394 1307 4461 11),
1328 4396 1365 4453 19,

105 4474 163 4522 Und
183 4469 319 4537 deplorare
341 4465 365 4529 8,
387 4464 428 4526 12,
448 4464 487 4515 11.

172 4558 200 4619 8,
217 4559 261 4620 91,
278 4555 304 4610 8.
333 4558 370 4607 la
387 4573 459 4623 qao.
489 4555 568 4605 Nicht
582 4554 612 4604 111
629 4553 705 4620 qaod,
721 4555 889 4607 wiehndere
904 4554 1019 4605 wehtam
1049 4556 1085 4605 So
1102 4553 1187 4605 findat
1200 4556 1365 4621 mischung

105 4628 149 4680 bei
168 4627 294 4678 Dichtern
312 4625 412 4687 maes,
428 4622 479 4683 ari,
502 4629 621 4675 calvare
639 4622 668 4673 ia
684 4620 775 4688 aliqua
793 4623 850 4675 und
868 4622 989 4675 dhnliohe
1005 4622 1173 4685 sarmacia,
1195 4624 1303 4681 welebe
1322 4624 1367 4677 aul
