2820 4964
267 184 318 251 vr.
337 185 411 251 xx.
434 186 541 250 a-s.
562 182 651 247 xxi.
675 158 803 249 b-ra
816 180 931 247 xxii·
951 184 1098 247 rs-m.
1224 142 1311 246 ‘aaa

51 355 125 419 dum
153 363 217 418 erat
237 357 339 435 bello,
366 357 452 420 cuius
477 355 600 419 materia
628 361 802 438 opportune
827 353 970 419 alebatur,
1008 348 1177 435 1³Nantqua
1198 354 1312 415 Bessus

50 460 136 516 veste
150 456 232 535 regia
251 461 371 534 sumpta
381 457 568 516 Artaxerxen
590 452 738 534 appellari
758 471 792 516 se
810 450 948 530 iusserat,
970 453 1160 535 Scythasque
1181 460 1213 515 et
1232 455 1312 515 ceta·

52 572 104 614 ros
127 552 236 616 'lanais
256 552 377 614 accolas
400 551 602 614 contrahebat.
644 552 727 612 llaec
748 549 957 613 Satibarzanes
976 551 1138 629 nuntiabat,
1159 570 1251 633 quern
1265 568 1312 611 re·

51 656 173 730 ceptum
193 649 225 711 in
242 649 333 710 fidem
348 649 474 730 regioni,
496 668 586 730 quam
603 653 690 710 antea
713 647 892 724 obtinuerat,
910 647 1063 727 praefecit
1172 674 1176 679 ·

128 739 199 808 1*Et
209 766 301 829 quum
313 766 404 827 grave
426 744 534 826 spoliis
553 751 758 826 apparatuque
778 743 917 807 luxuriae
936 764 1045 825 agmen
1062 745 1113 808 vix
1132 749 1312 821 moveretur,

52 862 124 905 suas
145 842 292 922 primum,
321 845 429 906 deiude
450 842 544 905 totius
561 842 712 904 exercitus
738 841 885 918 sarcinas,
914 841 1049 921 exceptis
1074 838 1236 905 admodum
1252 858 1314 902 ue·-

53 939 207 1016 cessar-iis,
232 941 365 1003 conferri
384 940 475 1002 iussit
495 939 527 999 in
548 940 687 1001 medium.
723 932 897 1001 15Planities
919 938 1052 1018 spatiosa
1071 944 1151 1016 erat,
1174 938 1205 999 in
1224 954 1314 1018 quam

51 1037 191 1099 vehicula
212 1047 322 1098 onusta
343 1038 554 1117 perduxerant.
596 1035 833 1116 Expectantibus
856 1036 989 1113 cunetis,
1010 1035 1084 1116 qnid
1102 1035 1212 1099 deinde
1234 1040 1315 1095 esset

51 1136 264 1213 imperaturae,
284 1128 414 1196 iumenta
426 1134 513 1196 iussit
522 1133 641 1211 abduci,
663 1131 787 1214 suisque
804 1132 935 1212 primurn
953 1131 1079 1195 sarcinis
1099 1132 1168 1193 face
1185 1130 1314 1210 subdita,

53 1237 172 1293 ceteras
196 1229 317 1290 incendi
340 1231 502 1311 praecepit
545 1226 758 1312 ¹⁶Flagrabant
783 1229 977 1291 exurentibus
1005 1225 1151 1306 dominis,
1179 1234 1316 1310 queant

53 1331 165 1391 intacta
184 1344 223 1386 ex
241 1325 368 1389 urbibus
387 1328 517 1392 bostium
538 1331 695 1407 raperent,
711 1331 811 1405 'saepe
829 1325 964 1389 flammas
986 1325 1200 1402 restinxerunt,
1229 1323 1314 1386 nulle

53 1423 208 1504 sanguinis
229 1423 358 1502 pretium
383 1424 511 1486 audente
531 1423 657 1498 deflere,
682 1441 774 1503 quum
797 1421 896 1500 regias
917 1440 993 1501 opes
1013 1421 1092 1482 idem
1113 1422 1190 1500 ignis
1209 1438 1316 1483 exure-

53 1529 109 1584 ret.
149 1515 286 1581 ¹⁷Brevis
310 1519 418 1582 danda
440 1519 539 1582 oratio
555 1519 703 1598 mitigavit
722 1510 869 1594 dolorem,
892 1517 1065 1598 habilesque
1085 1514 1207 1578 militiae
1227 1517 1317 1579 etad

54 1618 155 1681 omnia
176 1615 272 1696 parati
292 1613 495 1693 laetabantur,
520 1615 708 1678 sarcinarum
734 1607 851 1696 potius,
878 1632 968 1695 quam
994 1612 1186 1694 disciplinae,
1208 1613 1317 1676 lauisse

53 1717 207 1777 iacturam.
249 1705 379 1790 ¹⁸lgitnr
401 1711 583 1775 bactrianam
604 1711 760 1793 regionem
780 1710 931 1788 petebant
1176 1754 1179 1759 -

10 1868 12 1873 .
139 1809 240 1870 XXll.
283 1807 346 1870 Sed
364 1807 515 1886 Nicanor,
548 1807 755 1870 Parmenionis
780 1805 876 1883 lilius,
902 1805 1002 1869 subita
1028 1812 1127 1869 morte
1147 1812 1316 1887 correptus,

54 1925 164 1988 magno
191 1905 341 1967 desiderio
369 1900 421 1967 sui
441 1907 583 1968 affecerat
617 1914 754 1968 cunctos.
805 1897 917 1981 ¹⁹ltex,
947 1910 1016 1966 ante
1043 1923 1150 1967 omues
1176 1910 1316 1980 maestus,

55 2003 196 2084 cupiebat
217 2001 337 2083 quidem
356 2001 520 2065 subsistere
542 2002 642 2064 funeri
671 2002 832 2078 affuturus,
862 2001 916 2062 sed
942 2002 1069 2080 penuria
1095 2007 1325 2082 commeatuum

56 2100 196 2163 festinare
213 2098 349 2176 cogebat
386 2100 644 2180 ltaque-Philotas
666 2118 735 2161 cum
754 2092 876 2159 duobus
899 2096 1021 2160 milibus
1048 2105 1079 2161 et
1102 2097 1158 2160 DC
1179 2099 1317 2176 relictus,

54 2203 89 2260 ut
108 2196 187 2256 iusta
206 2192 292 2251 fratri
308 2193 512 2269 persolveret:
532 2196 599 2274 ipse
620 2194 777 2259 contendit
795 2194 835 2254 ad
854 2196 988 2256 Bessum.
1306 2240 1310 2247 .

149 2285 248 2348 ²⁰lter
268 2279 394 2346 facienti
407 2287 435 2346 ei
456 2289 573 2350 litterae
592 2283 756 2350 afferuntur
778 2309 797 2350 a
815 2289 949 2352 finitimis
973 2286 1174 2372 satraparum,
1203 2310 1220 2353 e
1252 2291 1317 2372 utri·

54 2392 114 2452 bus
135 2381 308 2464 cognoscit,
339 2383 467 2444 Bessum
487 2385 608 2465 quidem
633 2384 736 2446 hostili
762 2385 862 2449 auimo
891 2404 1054 2449 occurrere
1081 2407 1152 2451 cum
1173 2385 1318 2464 exuetur,

56 2493 191 2549 ceterum
212 2480 449 2556 Satibarmnem,
478 2499 567 2560 quem
586 2486 734 2558 satrapam
752 2481 897 2543 Ariorum
915 2485 981 2565 ipse
1002 2483 1214 2564 praefecisset,
1236 2482 1319 2544 deie-

57 2584 136 2646 cisse
157 2579 194 2640 ab
218 2596 265 2638 eo.
301 2571 438 2657 ²¹ltaque
459 2594 638 2658 quamquam
660 2578 757 2639 Besso
774 2577 953 2658 imminebat,
970 2587 1071 2642 tamur
1093 2580 1133 2642 ad
1152 2578 1319 2643 Satibarza-

57 2699 126 2742 nem
147 2674 378 2755 opprimendum
400 2672 550 2753 praeverti
570 2671 717 2752 optimum
734 2678 836 2751 ratus,
863 2674 961 2738 levem
981 2682 1160 2743 armaturam
1179 2682 1210 2738 et
1226 2696 1320 2758 eque*

58 2783 135 2837 stres
158 2771 262 2851 copias
282 2769 392 2844 educit,
414 2774 537 2850 totaque
556 2774 647 2830 nocte
666 2768 772 2830 itinere
794 2776 915 2833 strenue
934 2773 1024 2850 facto,
1046 2773 1227 2854 improvisus
1239 2773 1319 2834 hosti

57 2868 238 2950 supervenit.
272 2861 400 2926 ²²Cuius
422 2866 544 2946 cognito
567 2866 696 2927 adventu
715 2866 924 2929 Satibarzanes
945 2890 1014 2930 euru
1040 2870 1207 2933 llmilibus
1237 2869 1319 2950 equi·

57 2976 121 3030 tum
142 2966 213 3043 (nec
234 2962 337 3043 plures
357 2961 458 3024 subito
481 2962 617 3024 contrahi
638 2965 791 3044 poterant)
813 2964 923 3027 Bactra
952 2965 1098 3046 perfugit,
1130 2963 1225 3027 ceteri
1245 2984 1320 3045 pro-

56 3065 154 3125 ximos
172 3065 290 3120 montes
309 3065 540 3138 occupaverunt.
579 3053 779 3138 ²³Praerupta
808 3079 900 3140 rupes
922 3068 983 3139 est,
1015 3082 1075 3144 qua
1095 3066 1213 3143 spectat
1240 3060 1320 3125 occi·

57 3161 191 3221 dentem:
214 3155 327 3231 eadem,
347 3173 407 3236 qua
428 3155 526 3235 vergit
545 3156 584 3216 ad
603 3156 759 3233 orientem,
777 3155 893 3218 leniore
915 3159 1074 3222 summissa
1093 3158 1222 3240 fastigio,
1243 3157 1319 3222 mul-

56 3257 94 3319 tis
114 3253 272 3316 arboribus
291 3250 405 3328 obsita,
426 3270 588 3330 perennem
610 3252 700 3315 babet
718 3253 844 3332 fontem,
878 3273 916 3316 ex
937 3275 999 3337 quo
1019 3254 1237 3338 largae'aquae
1258 3275 1319 3319 ma-

55 3361 136 3415 nant.
189 3349 342 3412 Circuitus
370 3347 434 3409 eius
462 3348 565 3408 XXX
596 3355 627 3409 et
660 3350 686 3410 ll
712 3350 808 3412 stadia
838 3353 1074 3432 comprehendit.
1109 3345 1180 3414 2Ἰιι
1205 3352 1319 3415 vertice

56 3449 197 3511 herbidus
220 3463 352 3524 campus.
394 3444 428 3504 ln
446 3444 506 3506 hoc
523 3443 743 3507 multimdinem
763 3447 914 3510 imbellem
932 3449 1089 3513 considere
1109 3449 1229 3511 iubant:
1250 3447 1318 3531 ipsi,

56 3633 208 3693 husteden,
228 3644 382 3696 recuperare
400 3629 643 3694 wiedergewinnen
663 3631 705 3683 sur
721 3631 779 3684 sich
796 3632 862 3685 oder
878 3632 993 3688 andere.
1013 3662 1042 3672 -
1066 3631 1093 3697 5,
1110 3630 1151 3699 21,
1170 3630 1211 3685 12.
1232 3630 1318 3685 Ale-

56 3703 171 3752 batcr.
208 3696 390 3748 Materiam
410 3695 506 3746 alere
531 3697 618 3747 belli
637 3700 706 3751 nach
725 3700 880 3753 demsethen
899 3702 981 3765 Bilde,
1001 3704 1052 3754 wie
1071 3700 1197 3754 bellum
1215 3700 1318 3755 alara

54 3770 142 3834 Vergl.
162 3770 190 3819 C.
209 3766 233 3830 7,
250 3763 291 3829 30,
313 3764 358 3817 17:
379 3762 502 3814 bellum
518 3765 622 3816 vitanda
640 3766 776 3818 alemus.
814 3769 868 3821 bit.
884 3766 929 3833 31,
948 3767 990 3831 15,
1012 3769 1052 3823 11.

124 3856 149 3919 5,
167 3855 209 3919 21,
230 3855 270 3908 13.
306 3853 559 3907 Satibarzanes.
595 3858 668 3908 Nacb
691 3856 789 3922 11113,
807 3856 883 3923 25,1
909 3861 1008 3927 Satrap
1036 3862 1086 3913 der
1109 3861 1193 3912 brier.
1230 3859 1318 3923 Vergl.

55 3931 82 3979 C.
102 3925 126 3990 5,
143 3924 183 3989 22,
202 3922 244 3976 20.
286 3926 394 3976 Curtius
415 3926 536 3976 erwahnt
551 3926 608 3976 bier
628 3927 708 3988 nicbt,
734 3927 798 3978 dass
814 3929 963 3980 Alexander
984 3929 1032 3980 aul
1047 3930 1110 3980 dem
1126 3928 1233 3979 Marscb
1249 3926 1319 3977 nacb

55 3997 153 4046 Ariana
171 4008 236 4055 war,
263 3993 301 4043 als
322 4006 351 4044 er
371 3993 446 4044 disse
466 3993 642 4045 Nacbricbten
659 3994 757 4047 ertuhr.
776 4020 808 4035 υ-
837 3992 863 4058 5,
882 3992 925 4058 21,
945 3993 985 4048 lt.
1015 3996 1066 4047 Et.
1100 3994 1223 4048 Disselbe
1240 3995 1320 4045 lorm

55 4066 104 4115 des
122 4061 290 4126 Uabcrgangs
320 4057 344 4122 5,
364 4057 407 4120 22,
424 4058 467 4112 25.
485 4059 509 4122 5,
528 4057 555 4122 8,
575 4059 616 4114 13.
637 4059 676 4112 14.
703 4059 846 4125 7,21,ι10.
874 4062 899 4128 8,
916 4062 942 4130 5,
962 4063 1005 4117 10.
1019 4061 1045 4128 8,
1062 4061 1105 4128 35,
1119 4061 1144 4123 9,
1169 4061 1197 4125 8,
1213 4059 1258 4126 22,
1276 4057 1318 4121 id,

56 4127 252 4193 -5,21,17.
289 4127 475 4193 Mitipaott.
512 4128 537 4179 S.
556 4142 589 4180 zu
615 4127 639 4192 7,
657 4127 701 4192 22,
719 4127 762 4181 20.

124 4215 150 4281 6,
169 4216 212 4280 22,
230 4217 272 4270 20.
311 4217 419 4270 Abeo.
457 4221 481 4270 S.
503 4232 536 4269 zu
556 4218 582 4281 3,
604 4217 647 4282 32,
667 4218 709 4272 21,
738 4249 770 4260 -
796 4217 825 4282 5,
845 4219 886 4286 22,
904 4219 946 4273 21.
981 4223 1175 4277 Praevorti.
1212 4223 1318 4274 Mac.

54 4302 115 4338 ann.
143 4285 167 4349 2,
194 4284 241 4338 56;
270 4295 333 4347 asota
359 4284 422 4336 baec
450 4286 620 4350 Germani003
645 4288 691 4338 sed
709 4291 890 4357 praeverti
913 4291 955 4340 ad
979 4288 1159 4343 Armenios
1180 4289 1320 4342 iactantior

54 4372 121 4405 cura
138 4355 198 4418 scit,
219 4383 247 4394 -
278 4353 302 4418 5,
319 4353 360 4417 22,
380 4352 421 4405 23.
450 4354 557 4422 ltcpes
577 4363 632 4405 est.
652 4357 693 4407 F.:
713 4373 788 4425 napea
807 4365 872 4407 erat.
894 4387 926 4394 -
949 4357 1089 4412 leuiore.
1120 4361 1144 4411 S.
1166 4357 1318 4411 Cussbcll.

53 4421 220 4485 5112241
245 4424 331 4490 inpura
354 4430 466 4489 unaque
485 4440 517 4472 ee
531 4431 610 4490 parte
625 4432 795 4493 praeruptum
814 4432 892 4491 atqua
912 4441 1040 4494 uapm,
1068 4427 1114 4477 sed
1129 4435 1215 4485 taraus
1237 4423 1319 4494 pesclo
1368 4424 1371 4429 ’

54 4491 353 4558 lentorafustipio
380 4489 413 4540 ab
431 4498 564 4558 superte,
592 4507 657 4558 quae
679 4493 716 4543 ad
736 4491 837 4543 Uticam
860 4493 951 4559 carpit.
981 4496 1034 4546 Liv.
1053 4492 1095 4560 25,
1114 4493 1155 4559 35,
1175 4493 1204 4546 6:
1233 4493 1319 4545 anua

50 4558 159 4624 fcsttqtc
180 4557 249 4608 leat
266 4557 424 4609 sabaeas.
447 4586 475 4597 -
497 4557 629 4626 turpes.
645 4559 684 4612 Z.:
704 4559 783 4627 turpe.
815 4559 975 4627 Vetgl.'9,2,
994 4561 1040 4615 11:
1059 4578 1173 4630 aprica
1193 4562 1320 4628 larque

51 4633 190 4677 ntaaaat
209 4625 397 4690 effantibus.
420 4624 447 4687 8,
465 4623 507 4691 35,
529 4625 578 4679 13.-
596 4627 693 4679 aaziae
709 4644 872 4697 perennet
891 4644 1002 4697 aquae
1017 4636 1162 4683 saecat.
1182 4690 1184 4694 λ
