2820 4964
105 188 169 251 272
472 242 476 248 .
571 185 612 266 Q.
637 184 779 248 Cllll'l'll
798 182 897 247 Rutu

108 358 188 418 dum.
234 352 319 418 ³Rex
339 354 462 416 inhibito
484 362 570 434 patre
594 355 696 416 dicere
716 355 910 416 Hermolaum
938 354 1030 430 iubet,
1062 370 1140 434 quae
1160 371 1198 414 ex
1225 355 1362 434 magistro

107 453 263 514 didicisset
277 452 469 514 Callisthene.
502 453 541 513 Et
554 451 741 528 Hermolaus,
765 453 847 527 Utor,
869 451 973 532 inquit,
995 449 1137 530 herseficio
1156 458 1220 526 trra,
1242 459 1276 511 et
1296 452 1364 528 dico,

107 571 185 630 quae
211 551 326 609 nostris
352 548 444 609 malis
471 548 574 609 didaci.
631 542 753 618 4έὶαατα
782 566 862 627 pars
888 547 1097 633 Macedonum
1123 549 1274 609 saeuitiae
1299 556 1365 609 tuae

107 649 263 727 superest?
290 653 400 723 quotus
420 645 539 724 quidem
564 662 629 704 non
653 665 670 704 e
698 646 846 706 vilissimo
871 646 1047 724 sanguine?
1087 644 1217 705 Attalus
1250 652 1283 704 et
1297 645 1365 705 Phi

108 745 187 805 lotas
206 750 236 802 et
256 743 423 802 Parmenio
453 748 483 800 et
503 743 667 819 Lyncestes
689 742 866 803 Alexander
894 749 926 802 et
944 740 1051 817 Clitus,
1078 748 1236 819 quantum
1257 742 1302 802 ad
1318 741 1365 803 he

106 848 163 900 stes
178 840 323 918 pertinet,
342 839 459 910 uiuunt,
479 844 565 896 stant
584 840 619 899 in
639 841 713 915 acu,
736 847 766 900 te
786 840 890 918 cle'preis
903 840 967 898 sah
981 844 1162 917 protegunt,
1181 843 1215 897 et
1223 856 1289 916 pro
1304 839 1365 916 glo

105 938 157 998 ria
177 944 241 1011 tua,
265 953 326 1014 pro
345 934 476 993 m'etoria
502 934 634 995 onlnem
653 937 830 1014 accipiunt:
860 934 970 1014 quidm
997 941 1034 995 tu
1053 935 1212 1012 egregiam
1229 937 1365 1013 gratim

106 1033 261 1093 rettulisti.
308 1026 418 1089 ⁵Alius
437 1048 573 1089 mensam
598 1037 686 1090 tuam
707 1034 860 1110 sanguim
879 1051 935 1092 suo
960 1032 1097 1111 aspersit,
1129 1031 1216 1091 alius
1242 1032 1366 1101 necim-

100 1133 183 1211 plici
201 1130 321 1209 quidem
342 1134 439 1186 morte
459 1125 626 1217 defunctus
644 1134 695 1188 est.
739 1131 840 1191 Dirces
859 1130 1051 1191 exercituum
1072 1135 1200 1188 tuorum
1222 1116 1367 1206 irrequu
1392 1148 1406 1161 ··

106 1230 188 1289 uum
206 1227 348 1306 impositi,
379 1225 489 1298 Persis,
516 1242 590 1303 quos
610 1227 758 1303 uicerant,
777 1226 878 1308 fuere
902 1224 1081 1304 spectaculo,
1122 1224 1297 1285 Parmenio
1324 1225 1368 1283 iss-

107 1324 191 1384 dicta
218 1343 313 1383 causa
343 1321 518 1382 tmscs'datus
543 1329 595 1397 est,
628 1341 687 1400 per
712 1342 800 1401 quem
826 1323 969 1384 Attalum
997 1321 1161 1385 occideras.
1217 1315 1369 1381 6Ιααὶααα

105 1423 188 1481 enim
210 1422 389 1480 miserorum
414 1420 511 1479 uteris
532 1416 674 1478 manchus
695 1418 739 1478 ad
757 1420 925 1498 expetenda
944 1420 1105 1499 supplicia,
1132 1425 1165 1479 et
1182 1437 1261 1496 qraos
1275 1418 1371 1497 paulo

106 1524 181 1578 ante
200 1518 358 1576 ministros
373 1515 473 1576 caedis
491 1513 635 1588 habuisti,
652 1513 749 1576 subito
769 1514 806 1576 ah
827 1517 899 1576 alies
915 1514 998 1576 iubes
1017 1514 1181 1576 trucidari.
1225 1510 1371 1575 'Obstru

107 1620 184 1694 punt
203 1613 329 1675 subinde
350 1613 450 1673 cuncti
474 1612 647 1687 Hermolao,
677 1619 765 1691 pater
788 1631 963 1692 supremum
984 1612 1144 1673 strinxerat
1164 1612 1286 1679 ferrum
1306 1630 1371 1690 per-

108 1731 252 1772 cussurus
274 1707 474 1783 hauddubie,
501 1708 533 1769 ni
553 1708 695 1770 inhibitus
717 1715 797 1771 esset
823 1730 841 1771 a
861 1730 947 1789 rege:
977 1708 1090 1790 qnippe
1109 1707 1312 1770 Hermolaum
1332 1707 1371 1767 di·

108 1827 178 1869 cere
196 1808 290 1882 iussit,
311 1805 465 1886 petiitque,
486 1813 519 1867 ut
542 1826 647 1867 causas
669 1806 810 1886 supplicii
831 1813 989 1886 augentem
1010 1805 1159 1885 patienter
1180 1805 1333 1868 audirent

138 1938 141 1943 ·
190 1906 297 1966 XXV.
342 1897 463 1981 flaegre
483 1922 557 1982 ergo
580 1904 728 1980 coercitis,
758 1924 862 1966 rursus
884 1903 1079 1966 Hermolaum
1110 1902 1372 1974 Quam-trienii

108 2013 162 2080 ter,
184 2003 287 2082 inquit,
304 2002 413 2080 pueris
433 1999 561 2061 rudibus
581 2001 625 2062 ad
643 2001 804 2062 dicendum
826 2023 917 2082 agere
932 2004 1106 2082 permittis!
1146 2003 1192 2064 At
1212 2002 1372 2067 Callisthe

107 2103 158 2162 nis
175 2120 235 2161 cor
256 2119 378 2159 carcere
396 2098 517 2158 inclusa
538 2106 589 2175 est,
618 2101 692 2179 quia
715 2100 797 2160 solus
811 2107 913 2180 potest
936 2100 1041 2162 dicere.
1087 2094 1175 2164 leur
1200 2102 1287 2160 enim
1309 2116 1371 2158 nou

101 2198 297 2279 producitur,
323 2216 418 2275 quum
439 2198 533 2255 etiam
553 2195 689 2274 confessi
705 2196 905 2259 audiuntur?
942 2197 1056 2275 Nempe
1078 2198 1153 2276 quia
1172 2194 1304 2258 lateram
1324 2213 1371 2259 αα.

107 2315 171 2356 cem
191 2294 363 2354 innocentis
381 2293 492 2353 audire
512 2295 629 2369 metuis,
659 2313 698 2354 ac
719 2314 759 2354 ne
777 2295 899 2354 cultum
926 2293 1048 2371 quidem
1068 2295 1198 2371 pateris.
1241 2282 1371 2371 ¹⁰Atq2d
1400 2276 1408 2303 ⁸

107 2393 191 2455 nihil
213 2410 282 2451 eum
297 2389 414 2471 fecisse
434 2388 590 2450 contendo.
629 2390 713 2450 Sunt
733 2388 791 2465 hic,
824 2391 880 2469 qui
898 2408 1016 2450 mecum
1043 2410 1109 2450 rem
1125 2390 1368 2469 pulcherrimam

108 2493 339 2570 cogitauerunt:
369 2506 456 2547 neruo
478 2495 529 2562 est,
552 2487 608 2566 qui
621 2489 775 2546 conscium
786 2486 894 2567 facire
921 2484 1007 2546 nohis
1034 2484 1253 2548 Callisthenem
1280 2488 1368 2558 dicat,

108 2606 202 2664 quum
216 2586 312 2645 morti
325 2585 398 2645 olr'm
413 2583 582 2644 destinatus
595 2585 637 2643 sit
649 2604 669 2643 a
680 2584 844 2643 iustissimo
863 2590 895 2643 et
904 2584 1132 2663 patientissimo
1145 2604 1225 2663 rege.
1257 2579 1370 2645 11Ηαεα

108 2702 180 2762 ergo
201 2688 275 2742 sunt
295 2681 504 2742 Macedonum
519 2683 671 2759 praemia,
698 2699 828 2759 quorum
848 2686 886 2739 ut
908 2699 1096 2760 superuacuo
1121 2688 1154 2741 et
1175 2682 1301 2742 sordido
1321 2679 1370 2741 ah-

107 2780 204 2839 uteris
225 2781 395 2857 sanguine!
431 2778 476 2838 At
498 2775 555 2836 tibi
578 2778 675 2837 XXX
697 2777 786 2836 melia
813 2778 969 2837 mulorum
994 2778 1151 2856 captiuum
1180 2796 1300 2837 aurum
1328 2796 1370 2836 ce-
1405 2840 1408 2847 ,

108 2877 196 2952 hunt,
225 2896 319 2954 quum
343 2876 455 2935 milites
480 2874 564 2934 nihil
581 2874 704 2934 domum
720 2881 847 2951 praeter
867 2875 1026 2952 gratuitas
1053 2876 1211 2935 cacahsces
1240 2875 1369 2934 relatum

108 2975 180 3033 sint.
213 2968 331 3041 12έὶααα
353 2981 456 3032 tamen
484 2973 588 3031 omnia
618 2972 748 3032 tolerare
763 2972 932 3049 potuimus,
960 2978 1126 3049 antequam
1152 2991 1209 3032 nos
1233 2969 1370 3031 barbaris
1406 3010 1408 3059 Ι

109 3070 236 3143 dederes,
269 3076 300 3128 et
316 3087 393 3128 nouo
414 3087 498 3127 more
517 3069 645 3128 uictores
663 3063 716 3125 sub
737 3068 849 3144 iugum
868 3068 1009 3130 mitteres.
1044 3069 1213 3129 Persarum
1237 3076 1268 3128 te
1286 3067 1370 3127 cmh's

108 3172 140 3223 ct
160 3163 324 3239 eliserplina
343 3164 475 3238 delectat,
485 3165 607 3240 patrios
624 3181 722 3221 mores
739 3181 846 3222 exosus
858 3183 895 3224 es.
928 3165 1096 3224 Persarum
1115 3184 1197 3243 ergo,
1218 3182 1288 3225 nou
1299 3164 1368 3224 Ma-

109 3260 258 3320 cedonum
277 3279 377 3336 regem
407 3259 540 3318 occidere
565 3258 725 3333 coluimus,
754 3266 786 3318 et
807 3265 836 3319 te
863 3258 1067 3340 transfugam
1090 3258 1162 3321 belii
1182 3262 1255 3321 iure
1276 3279 1369 3341 perse·

110 3357 244 3434 quimur.
277 3349 301 3392 13
314 3357 365 3415 Tu
387 3354 577 3415 Macedonas
595 3355 723 3414 uoluisti
737 3375 843 3433 genua
864 3354 920 3416 tihi
928 3372 1045 3434 ponere
1065 3359 1269 3435 venerarique
1292 3365 1321 3418 te
1338 3360 1369 3415 nt

109 3454 213 3517 deum:
243 3459 278 3510 tu
301 3452 478 3530 Philippum
496 3457 620 3530 patrem
650 3454 809 3528 aversaris,
838 3460 870 3512 et
888 3453 918 3511 si
936 3454 1004 3531 quis
1025 3452 1149 3513 deorum
1176 3460 1255 3514 ante
1275 3457 1368 3516 Iovem

109 3546 279 3623 haberetur,
302 3548 470 3628 fastidires
490 3548 584 3607 etiam
606 3550 712 3609 Ionem.
759 3542 936 3623 “Miraris
956 3551 986 3609 si
1001 3548 1092 3610 liberi
1111 3549 1251 3610 homines
1269 3569 1369 3629 super·

108 3645 192 3711 biam
222 3652 309 3705 tuam
324 3644 420 3725 ferre
441 3665 505 3706 non
525 3648 710 3724 possumus?
761 3645 846 3714 Quid
872 3664 1028 3726 speramus
1054 3665 1093 3705 es
1119 3652 1157 3723 te,
1185 3645 1299 3725 qudus
1318 3653 1370 3709 aut

111 3898 154 3932 cos
192 3879 262 3930 alam
280 3886 376 3929 secreto
397 3887 557 3929 narrantur:
577 3888 606 3929 at
621 3878 757 3941 Domitius,
783 3894 859 3944 quum
878 3893 994 3928 manas
1012 3877 1051 3927 ad
1068 3894 1103 3928 os
1120 3876 1370 3947 apposuit-8,

110 3898 192 4011 thil.
222 3948 349 4010 (luctus
370 3948 509 4014 quidem.
540 3950 582 4000 R:
609 3956 699 4014 quotus
726 3947 838 4012 quisque.
878 3946 982 4007 Quidem
997 3946 1061 3997 heht
1081 3948 1133 3997 den
1154 3946 1300 4009 spocteuen
1317 3950 1371 3998 Ge-

112 4020 216 4069 dankcn
234 4031 318 4082 gagen
339 4018 387 4066 das
405 4018 502 4079 Vorige
518 4016 657 4068 bestimmt
675 4017 779 4065 hervor.
798 4042 826 4051 -
846 4012 996 4064 Attalus.
1017 4015 1102 4078 Vergl.
1123 4028 1157 4065 zu
1172 4010 1197 4077 6,
1215 4010 1323 4074 tlt-17.
1343 4041 1369 4051 -·

111 4086 299 4151 Lyncestes
317 4083 525 4133 Aleuander.
552 4087 577 4134 S.
597 4083 672 4144 zu7,
693 4082 715 4144 1,
733 4081 758 4133 5.
976 4108 980 4115 ¹

179 4174 204 4237 8,
223 4173 265 4233 m,
283 4174 307 4225 7.
345 4175 543 4241 Supremam.
577 4176 649 4224 Nach
670 4175 779 4238 Einigen
799 4172 971 4236 hdvcrbinm,
992 4174 1060 4223 nach
1079 4152 1186 4224 Andern
1207 4174 1265 4237 adj.
1290 4174 1370 4225 War-

112 4259 158 4295 um
177 4246 212 4295 ist
232 4245 280 4293 das
297 4244 404 4292 Erstere
423 4244 496 4292 nicht
516 4242 755 4293 wahrscheinlich‘l

179 4342 204 4408 8,
220 4341 260 4405 25,
280 4341 304 4393 8.
338 4341 527 4395 Coircitis.
548 4344 572 4392 S.
593 4357 627 4392 zu
644 4340 667 4404 l,
687 4339 729 4400 33,
746 4340 769 4392 5.
791 4370 823 4377 -
844 4338 871 4402 8,
889 4338 930 4403 25,
950 4339 990 4391 10.
1010 4338 1126 4393 Nolis.
1144 4342 1169 4391 S.
1189 4335 1370 4403 sudumst.

113 4441 143 4448 -
165 4409 251 4473 aas,
273 4409 311 4460 11.
347 4409 440 4459 XXX
463 4409 566 4459 milia.
605 4410 838 4461 DicGeldsumme
864 4410 933 4460 nach
956 4409 1004 4460 dor
1027 4409 1114 4460 vollen
1132 4410 1195 4459 Last
1218 4408 1370 4461 berechnel.

113 4480 216 4529 dicein
235 4479 424 4529 Mnulthierzu
443 4482 536 4541 tragen
555 4492 672 4541 vermag,
702 4480 782 4541 steigi
797 4492 830 4528 an
849 4478 897 4527 das
915 4476 1111 4541 Unglaubhclie.
1150 4474 1281 4529 indessen
1300 4480 1368 4542 passi

114 4547 172 4595 eine
192 4548 309 4609 thclttigc
329 4545 540 4609 Uebertreibung
557 4560 618 4595 zum
640 4547 786 4596 Charaktcr
804 4547 853 4596 der
871 4546 951 4595 Rode.

178 4633 205 4695 8,
225 4634 266 4697 25,
286 4633 326 4684 13.
365 4634 714 4703 Genuatihiponere
748 4639 773 4687 S.
791 4652 823 4687 zu
844 4632 870 4696 tl,
889 4634 931 4699 28,
949 4632 990 4687 28.
1011 4663 1044 4673 -·
1070 4632 1157 4699 Md,
1178 4630 1219 4686 1⁴.
1249 4633 1364 4698 Quid·-
