2820 4964
102 174 167 239 eas
253 150 256 155 ’
567 173 608 253 Q.
640 172 779 235 cunru
801 173 897 235 num

187 344 225 405 V.
275 337 387 404 ²⁴llinc
408 341 438 402 in
459 361 584 421 regnum
606 343 742 422 Sopithis
763 348 942 422 perventum
964 350 1020 406 est
1063 345 1157 421 Gens,
1189 352 1224 407 nt
1249 345 1366 409 barbari

104 441 241 516 credunt,
262 439 408 520 sapientia
428 437 548 498 excellit
571 439 718 521 bonisque
737 440 873 503 mordans
893 439 1018 519 regitur.
1072 437 1237 505 ”Genitos
1256 441 1369 505 liberos

103 558 166 601 non
194 544 353 616 parentum
384 534 509 595 arbitrio
539 534 649 597 tollunt
671 537 825 617 aiuntque,
852 536 910 597 sed
934 555 1050 615 corum,
1078 539 1191 619 quibus
1214 541 1368 619 spectandi

103 635 258 696 infantium
280 632 412 693 habitum
436 651 510 692 cura
528 631 667 693 mandata
688 640 742 695 est
784 632 820 694 Si
838 652 917 715 quos
935 632 1069 715 insignes
1089 640 1143 696 aut
1163 634 1269 716 aliqua
1288 642 1368 714 parte

103 732 307 793 membrorum
335 727 455 789 inutiles
481 734 670 804 notaverunt,
699 728 803 791 necari
828 728 941 790 iubent.
988 724 1147 810 2“Nuptiis
1174 738 1291 793 coeunt
1311 751 1368 793 non

104 847 213 908 genere
233 847 271 887 ac
286 825 442 887 nobilitate
461 823 626 898 coniuncti,
657 826 713 886 sed
733 825 831 887 electa
845 844 1011 903 corporum
1029 824 1143 905 specie,
1171 826 1246 907 quia
1268 828 1367 889 eadem

103 925 277 985 aestimatur
295 922 327 981 in
344 919 458 981 liberis.
507 913 639 983 27Ηιιίιιε
660 922 758 1001 gentis
778 920 935 1001 oppidum,
963 919 1015 983 cui
1034 920 1209 985 Alexander
1230 922 1366 985 admove

103 1033 151 1083 rat
170 1020 284 1099 copias,
301 1017 340 1079 ab
361 1016 428 1095 ipso
448 1017 576 1096 Sopithe
595 1016 796 1080 obtinebatur.
827 1017 957 1079 Clausae
977 1024 1063 1079 erant
1079 1024 1198 1097 portae,
1219 1018 1279 1081 sed
1298 1019 1365 1083 nulli

103 1117 135 1178 in
157 1115 249 1177 muris
273 1112 467 1191 turribusque
487 1131 521 1173 se
541 1114 647 1173 armati
672 1113 887 1185 ostendebant;
919 1112 1155 1197 dubitabantque
1175 1116 1365 1197 Macedones,

103 1212 308 1274 deseruissent
333 1208 440 1270 urbem
470 1208 598 1283 incolae,
624 1228 664 1269 an
688 1209 794 1271 fraude
819 1230 854 1271 se
879 1209 1070 1283 occulerent;
1100 1204 1245 1293 ²⁸qnnm,
1271 1213 1378 1275 subito

102 1309 252 1389 patefacta
268 1310 368 1385 porta,
385 1325 441 1365 rex
461 1305 550 1367 indus
572 1325 641 1365 cum
661 1304 782 1369 duobus
793 1305 905 1369 adultis
924 1305 995 1367 tiliis
1013 1306 1159 1385 occurrit,
1178 1308 1312 1371 maiitiam
1328 1309 1364 1371 in-

103 1414 149 1467 ter
170 1422 276 1465 omnes
296 1401 442 1463 barbaros
463 1403 599 1463 eminens
621 1402 761 1481 corporis
787 1403 900 1483 specie.
950 1397 1092 1465 ²⁹Vestis
1120 1411 1187 1465 erat
1204 1424 1284 1469 auro
1302 1426 1360 1487 pnr-

100 1519 238 1581 puraque
269 1499 416 1574 distineta,
448 1518 526 1581 quae
555 1498 642 1559 etiam
667 1518 757 1561 crura
784 1498 920 1572 velabat;
948 1496 1050 1561 aureis
1079 1498 1174 1563 soleis
1202 1500 1364 1563 inseruerat

102 1616 249 1678 gemmas;
279 1595 385 1656 lacerti
412 1616 533 1676 quoqne
554 1602 585 1657 et
607 1594 730 1655 brachia
751 1595 920 1675 margaritis
944 1603 1052 1657 ornata
1077 1602 1173 1657 mant
1218 1591 1364 1659 ³⁰l²ende

102 1697 175 1756 bant
198 1713 237 1754 ex
258 1691 381 1752 auribus
407 1678 540 1771 insignes
563 1692 695 1752 candore
723 1698 754 1751 et
773 1689 977 1770 magnitudine
998 1690 1105 1771 lapilli.
1146 1693 1299 1755 Baculum
1320 1714 1363 1755 au-

103 1812 188 1853 reum
210 1787 320 1867 berylli
341 1788 577 1867 distinguebant:
597 1807 658 1868 quo
678 1787 789 1849 tradito
808 1795 963 1867 precatus,
985 1794 1020 1849 ut
1039 1808 1148 1869 sospes
1168 1790 1362 1871 acciperetur,

104 1908 138 1950 se
158 1886 333 1964 liberosque
354 1892 384 1946 et
408 1891 526 1963 gentem
548 1903 633 1945 suam
655 1883 777 1945 dedidit

187 1983 238 2043 Vl
272 1975 432 2043 ³¹Nobiles
453 1980 493 2040 ad
513 1980 681 2041 venandum
702 2000 792 2042 canes
810 1979 842 2041 in
862 2000 899 2041 ea
916 1980 1040 2061 regione
1056 1987 1142 2043 sunt:
1170 1983 1285 2047 latratu
1304 1984 1362 2047 abe

103 2081 197 2141 tinere
225 2078 373 2153 dicuntur,
404 2097 498 2157 quum
517 2075 657 2138 viderunt
676 2079 779 2151 ieram,
805 2074 947 2139 leonibus
965 2078 1091 2139 maxime
1113 2078 1226 2145 infesti.
1276 2076 1363 2143 32Ηο-

103 2196 171 2239 rum
200 2176 259 2247 vim
285 2180 318 2234 ut
346 2173 520 2235 ostenderet
541 2171 725 2249 Alexandro,
753 2172 785 2233 in
807 2183 986 2253 conseptum
1011 2173 1132 2237 leonem
1160 2176 1290 2241 eximiae
1309 2198 1362 2239 ma·

104 2272 269 2352 gnitudinis
297 2270 385 2332 iussit
406 2268 501 2330 emitti
521 2275 551 2330 et
570 2269 614 2328 lV
634 2269 758 2330 omnino
779 2269 934 2331 admoveri
962 2289 1062 2346 canes,
1088 2271 1141 2353 qui
1165 2272 1309 2337 celeriter
1326 2275 1362 2335 ie

102 2389 167 2431 ram
186 2387 385 2447 occupavere.
428 2367 507 2427 Tum
527 2384 566 2425 ex
588 2365 644 2439 his,
670 2366 721 2446 qui
743 2373 937 2427 assueverant
959 2366 1069 2429 talibus
1089 2369 1275 2447 ministeriis,
1292 2388 1361 2433 unns

103 2465 186 2527 canis
212 2463 295 2525 leoni
318 2483 386 2525 cum
409 2462 476 2522 aliis
495 2461 675 2524 inhaerentis
697 2483 768 2525 crus
785 2462 915 2525 avellere
936 2470 975 2539 et,
1002 2462 1154 2545 quianon
1176 2466 1361 2548 sequebatur,

103 2563 185 2623 ferro
207 2568 361 2639 amputare
390 2557 504 2637 eoepit:
535 2552 608 2619 ³³ne
629 2558 674 2619 sie
697 2559 817 2641 quidem
843 2559 1009 2639 pertinacia
1032 2558 1122 2639 victa,
1151 2581 1262 2625 rursus
1283 2563 1361 2625 aliam

103 2665 218 2739 partem
244 2674 348 2716 secare
373 2653 486 2728 institit,
508 2659 538 2713 et
559 2654 667 2714 deinde
691 2675 753 2717 non
772 2655 893 2734 segnius
913 2657 1116 2717 inhaerentem
1135 2658 1220 2721 terro
1241 2660 1361 2721 subinde

103 2755 257 2819 caedebat
300 2753 355 2813 llle
384 2751 414 2811 in
444 2751 568 2811 vulnere
596 2751 677 2811 ferae
702 2752 807 2813 dentes
834 2752 1032 2814 moribundus
1060 2773 1183 2835 quoque
1214 2756 1360 2818 infixerat:

103 2859 214 2914 tantam
235 2851 267 2911 in
297 2849 356 2909 illis
377 2847 555 2909 animalibus
583 2848 621 2907 ad
648 2849 817 2909 venandum
844 2848 1036 2929 cupiditatem
1060 2848 1256 2931 ingenerasse
1285 2861 1359 2915 natu-

104 2970 176 3027 ram,
195 2946 356 3009 memoriae
369 2945 523 3025 proditum
546 2951 600 3005 est.
641 2938 824 3025 3⁴liquidem
836 2944 925 3023 plura
948 2946 1127 3025 transcribo,
1146 2969 1238 3029 qnam
1260 2951 1360 3012 credo:

102 3066 171 3107 nam
194 3065 251 3105 nec
271 3044 420 3103 affirmare
440 3040 584 3115 sustineo,
610 3040 648 3099 de
672 3040 781 3121 quibus
803 3040 919 3119 dubito,
938 3062 995 3103 nec
1016 3042 1197 3121 subducere,
1221 3055 1361 3129 quae‘ac-

171 3248 195 3312 9,
212 3248 239 3309 5,
257 3245 297 3296 94.
326 3244 481 3312 Sopithis.
509 3246 601 3296 Bisher
616 3244 735 3311 Sophitis.
756 3274 785 3284 -
809 3247 952 3297 credunt
968 3251 1005 3300 ist
1023 3263 1075 3300 von
1094 3250 1120 3299 Ζ.
1140 3251 1360 3319 binzugestigt-

103 3316 130 3378 9,
148 3316 172 3380 5,
190 3315 232 3367 25.
259 3314 424 3380 lasipaes.
457 3315 526 3363 Dass
545 3312 660 3378 insignis,
678 3328 711 3362 an
729 3316 785 3365 sich
802 3316 862 3366 eine
880 3316 1039 3378 medianos,
1058 3317 1117 3367 hier
1133 3319 1171 3367 im
1192 3319 1277 3371 ssblen
1289 3325 1361 3372 smne

104 3401 137 3436 zu
163 3387 278 3436 nehmen
303 3385 349 3444 sei,
376 3383 444 3431 lehrt
469 3381 518 3430 der
540 3382 776 3446 zusammenhang.
813 3385 866 3432 Zur
881 3385 1075 3447 vermittelung
1102 3385 1151 3435 des
1178 3386 1361 3455 Ueberganges

104 3455 237 3505 zwischen
262 3452 358 3502 beiden
382 3449 570 3511 Bedeutungen
589 3448 663 3498 dient
687 3464 710 3497 z.
727 3451 754 3499 B.
772 3451 824 3500 Cic.
846 3450 881 3500 dc
898 3455 965 3501 orat.
992 3449 1017 3515 9,
1034 3449 1079 3512 99,
1096 3448 1146 3501 9οε
1170 3462 1220 3503 cat
1237 3472 1281 3519 ea,
1306 3471 1361 3524 qm

102 3521 196 3586 facilia
222 3527 289 3583 auat,
316 3525 361 3568 aot
381 3514 529 3578 etiamillo,
556 3531 622 3581 quae
647 3516 807 3583 insignio
825 3533 865 3566 ac
888 3534 995 3585 paene
1018 3518 1159 3581 vitiosa,
1184 3532 1361 3575 ememus

103 3589 234 3639 imitando.

172 3677 195 3741 9,
217 3677 242 3741 5,
261 3675 303 3727 26.
342 3675 530 3727 coniuncti.
561 3675 633 3726 Nach
652 3675 739 3736 Conj.;
759 3674 803 3723 n:
823 3674 971 3726 coniunctis.
992 3705 1025 3713 -
1054 3674 1081 3738 9,
1096 3674 1123 3737 5,
1140 3674 1185 3727 27.
1216 3680 1360 3749 Sopithe,

103 3749 196 3800 Risher
209 3745 321 3812 Sophite.
345 3771 373 3780 -
395 3743 636 3793 deseruissent.
658 3743 696 3792 F.:
713 3740 919 3792 deaeraisseatae.
942 3770 970 3780 -
1003 3742 1028 3807 9,
1046 3742 1073 3805 5,
1093 3743 1135 3795 90.
1159 3744 1290 3815 Sospes
1310 3766 1357 3801 π.

105 3819 291 3885 ciperetar.
325 3815 360 3863 So
381 3813 449 3862 nach
471 3813 542 3873 ConJ'.
580 3811 674 3861 Risher
687 3824 771 3876 sospes
792 3808 927 3875 acciperet.
1122 3816 1125 3821 '

170 3905 196 3968 9,
215 3903 239 3967 6,
257 3902 299 3956 31.
341 3902 514 3952 Viderunt.
533 3901 686 3950 nmium.
705 3928 734 3937 -
757 3897 791 3960 -9,
807 3896 834 3960 6,
852 3898 895 3952 39.
925 3901 1078 3952 laeam
1110 3909 1185 3957 teat.
1210 3908 1280 3959 Zum
1297 3908 1360 3960 Thou

103 3975 264 4036 nachConj.
304 3971 653 4035 Bisbertncmmpecto.-
687 3970 798 4032 feram
824 3984 1046 4038 occupavere.
1110 3986 1219 4022 anea
1238 3974 1300 4029 bis.
1324 3978 1360 4027 z:

103 4047 188 4109 feram
203 4045 399 4108 ocetepavemnt.
432 4038 495 4088 Tum
513 4053 545 4085 ea
563 4035 610 4085 lais.
629 4038 671 4086 F.:
689 4042 877 4102 amaveram
892 4040 992 4102 serm:
1010 4052 1086 4103 qaum
1105 4054 1138 4088 es
1152 4037 1200 4091 bia.
1218 4070 1251 4079 -
1275 4058 1360 4094 unu,

103 4114 207 4176 Einige:
225 4109 307 4169 antas,
328 4121 385 4157 was
406 4107 463 4158 sich
483 4105 670 4168 rechttertigen
688 4106 780 4166 besse,
800 4106 881 4168 vergi.
898 4104 924 4168 3,
941 4104 984 4169 31,
1002 4104 1043 4159 17.

172 4200 198 4263 9,
219 4198 244 4262 6,
264 4197 306 4252 93.
339 4197 385 4248 Ne
401 4197 454 4247 sic
474 4194 609 4261 quidem.
627 4195 666 4245 lx
684 4210 731 4244 aec
747 4195 787 4245 sic
803 4195 909 4262 quidum
930 4199 957 4249 S.
970 4212 1004 4247 zu
1020 4194 1045 4261 3,
1061 4194 1104 4261 99,
1118 4194 1159 4247 id.
1179 4224 1210 4237 ·-
1237 4199 1273 4251 in
1288 4202 1360 4253 oal-

107 4286 194 4319 ποτε,
228 4271 253 4319 S.
272 4283 307 4318 zu
322 4263 346 4329 4,
365 4263 407 4327 38,
428 4262 469 4315 25.
489 4290 517 4301 -
552 4262 803 4314 advertendum.
836 4265 861 4314 S.
879 4262 959 4327 5‚11,
978 4263 1026 4317 11:
1045 4265 1137 4331 puteis
1156 4266 1200 4315 ad
1218 4271 1361 4321 norica·

104 4337 190 4398 daos,
209 4334 328 4402 pluribus
347 4333 388 4383 ad
406 4333 520 4397 sagam
537 4330 637 4380 animus
654 4330 713 4394 fait.
733 4359 760 4368 -
781 4329 805 4393 9,
823 4327 848 4393 6,
865 4329 906 4383 34.
931 4330 1145 4383 Transcrilo.
1172 4334 1259 4401 Vergl.
1278 4336 1306 4399 7,
1321 4335 1360 4397 iti,

106 4403 154 4453 11:
173 4411 203 4454 at
217 4403 297 4469 possit
317 4401 402 4451 oratio
421 4414 507 4449 corun
523 4398 617 4465 sperni,
637 4405 722 4448 tamea
737 4399 799 4464 fides
816 4407 907 4450 nostra
925 4415 978 4450 noo
993 4398 1081 4462 debat,
1098 4415 1173 4467 qaae,
1190 4410 1361 4485 atcumque

103 4478 184 4519 sant
214 4469 362 4531 tradito,
385 4468 593 4534 incorrupto
615 4466 831 4533 perferemus.
867 4468 940 4519 bucin
968 4483 989 4521 s.
1009 4466 1034 4531 9,
1051 4466 1094 4530 il,
1112 4466 1155 4519 91.
1183 4496 1212 4507 —
1246 4488 1266 4523 a
1289 4474 1360 4539 [ar-

103 4539 341 4654 aqquitijlqrum
357 4537 445 4587 nicht:
465 4535 667 4599 mamm
683 4534 803 4597 amtiaeo,
826 4551 892 4602 qaae
908 4536 1008 4605 accepi,
1027 4551 1075 4591 ase
1091 4535 1240 4605 uiduus,
1305 4558 1360 4609 qu-
