2820 4964
84 190 148 258 3⁴3
552 186 594 269 Q.
616 184 758 249 cuuuu
779 183 888 303 nunt·
1367 29 1375 305 Ι

83 364 203 436 titanos,
221 365 255 423 ut
279 356 463 437 Meleagrum
485 356 605 419 tertium
627 358 733 418 ducem
756 355 935 435 acciperent.
976 355 1066 418 Hand
1085 373 1178 436 aegre
1199 356 1232 419 id
1251 358 1339 440 impe

84 465 193 520 tratum
213 462 268 518 est
310 455 389 516 Nam
409 461 441 515 et
460 454 611 516 abducere
633 452 820 534 Meleagrum
837 452 982 513 Perdicca
1002 471 1020 513 a
1039 471 1112 531 rege
1135 454 1295 534 cupiebat,
1313 464 1339 518 et

83 575 176 618 unum
197 552 318 615 dnobus
336 552 479 631 imparem
502 552 635 613 futurum
656 568 724 611 esse
755 550 905 612 censebat
942 543 1070 628 ²³lgitur
1089 548 1246 629 Meleagro
1274 572 1337 613 cnm

83 655 231 736 phalange
248 647 368 711 obviam
390 665 523 727 egresso,
544 646 688 709 Perdicca
709 647 843 727 equitum
862 652 975 707 mrmas
996 645 1177 707 antecedens
1200 648 1338 710 occurrit

83 754 246 829 Utrumque
266 763 381 824 agmen
403 756 505 805 mutua
523 743 703 805 salutatione
725 745 812 818 iacta,
838 742 917 817 coit,
937 742 968 803 in
989 749 1188 822 perpetuum,
1211 750 1247 806 ut
1268 745 1339 807 arbi-
1368 776 1371 787 ·

83 848 246 917 trahantur,
267 839 431 903 concordia
452 846 483 901 et
500 860 576 919 pace
597 841 720 901 firmata

165 939 311 1005 XXVIII.
353 931 474 998 ¹l·¹Sed
496 935 553 997 iam
576 935 645 997 latis
664 936 901 998 admovebantur
920 935 1121 997 Macedonum
1152 935 1237 1016 genti
1265 934 1340 997 bella

83 1039 191 1103 civilia
227 1036 306 1097 Nam
319 1041 350 1095 et
361 1031 537 1094 insociabile
555 1040 602 1093 est
620 1051 744 1112 regnum
766 1038 797 1094 et
815 1052 834 1093 a
850 1030 989 1112 pluribus
1008 1030 1214 1111 expetebatur.
1258 1026 1340 1093 21)τί-

83 1157 163 1199 naum
184 1151 258 1211 ergo
280 1129 436 1208 collegere
458 1128 556 1201 vires,
578 1127 687 1189 deinde
707 1129 929 1209 disperserunt:
952 1135 982 1189 et
1002 1148 1092 1208 quum
1113 1128 1254 1208 pluribus
1276 1146 1336 1190 cor-

83 1253 149 1315 pus,
163 1249 251 1312 quam
262 1225 409 1305 capiebat,
432 1232 615 1301 onerassent,
634 1232 736 1287 cetera
747 1226 880 1287 membra
894 1225 1023 1286 deficere
1039 1232 1223 1305 coeperunt:
1248 1225 1340 1307 qnod-

82 1350 141 1414 que
160 1325 317 1407 imperium
338 1321 395 1383 sub
415 1341 477 1383 uno
499 1327 579 1383 stare
595 1322 759 1401 potuisset,
779 1322 849 1384 dnm
872 1341 890 1382 a
909 1320 1049 1401 pluribus
1070 1321 1255 1399 sustinetur,
1274 1323 1340 1385 ruit

81 1416 230 1488 ³Proinde
249 1423 315 1483 iure
337 1419 504 1498 meritoque
528 1418 659 1497 populus
682 1437 825 1480 romanus
845 1418 971 1479 salutem
991 1436 1025 1479 se
1045 1418 1175 1502 principi
1206 1438 1266 1481 suo
1293 1419 1341 1481 de
1375 1484 1378 1499 Ι

81 1524 154 1585 bere
173 1519 339 1601 profitetur,
360 1515 412 1597 qui
433 1514 540 1589 noctiS,
564 1533 652 1594 quarn
673 1534 769 1593 paene
791 1534 961 1594 supremam
983 1514 1149 1589 babuimus,
1168 1535 1282 1578 novum
1304 1516 1341 1577 si·

81 1621 138 1682 dus
160 1616 267 1679 illuxit
311 1606 429 1673 ⁴Hnius
450 1609 586 1686 bercnle,
618 1630 680 1672 non
700 1609 775 1672 solis
796 1619 898 1687 ortus,
924 1610 1023 1672 lucem
1048 1610 1188 1690 caliganti
1212 1612 1341 1674 reddidit
1376 1598 1378 1633 ³

81 1714 202 1789 mundo,
220 1708 458 1792 quumsincsuo
478 1708 575 1785 capite
595 1706 747 1769 discordia
764 1706 898 1768 membra
917 1706 1110 1785 trepidarent.
1160 1703 1269 1786 5ριιοῑ
1291 1709 1342 1771 ille

81 1822 145 1876 tum
162 1808 287 1871 extinxit
305 1806 400 1865 laces!
430 1810 504 1883 quot
525 1802 660 1864 condidit
679 1803 810 1882 gladios!
839 1811 979 1885 quantam
1007 1808 1216 1882 tempestatem
1243 1806 1343 1868 subita

81 1907 241 1971 serenitate
262 1900 415 1962 discussit!
458 1899 531 1960 Non
553 1918 626 1978 ergo
648 1900 805 1962 revirescit
825 1901 933 1977 solum,
954 1899 1007 1961 sed
1031 1899 1119 1961 etiam
1139 1900 1232 1963 lloret
1249 1901 1344 1983 impe

80 2005 167 2066 rium
213 1995 321 2059 laban
335 1993 426 2057 modo
448 1994 566 2071 invidia,
592 1994 723 2076 excipiet
747 1997 835 2058 buius
854 1997 951 2058 seculi
971 2003 1107 2075 tempora
1129 1997 1267 2059 eiusdem
1290 1998 1344 2060 do

80 2119 147 2163 mus
165 2097 278 2158 utinam
300 2096 456 2173 perpetua,
477 2099 558 2152 certe
578 2091 718 2154 diuturna
739 2095 908 2172 posteritas.
950 2090 1124 2170 ⁷Ceterum,
1146 2102 1181 2155 nt
1200 2095 1241 2155 ad
1259 2094 1343 2157 ordi-

79 2218 158 2273 nem,
176 2217 195 2257 a
215 2213 277 2274 quo
299 2209 347 2251 me
369 2187 581 2267 contemplatio
603 2188 744 2267 publicae
764 2190 912 2252 felicitatis
931 2195 1088 2265 averterat,
1109 2190 1248 2268 redeam,
1270 2192 1343 2253 Per-

80 2295 166 2358 dicca
187 2291 306 2354 unicam
330 2305 415 2366 spem
436 2285 541 2346 salutis
562 2304 635 2346 suae
660 2285 692 2345 in
718 2285 863 2365 Meleagri
891 2291 988 2347 morte
1016 2285 1201 2365 deponebat:
1230 2305 1342 2349 vanum

80 2393 209 2457 eundem
230 2394 260 2450 el
279 2386 400 2448 inlidum
421 2380 619 2460 celeriterque
639 2400 688 2443 res
707 2391 886 2444 novaturum
914 2390 944 2443 et
968 2380 1026 2443 sibi
1047 2383 1176 2443 maxime
1198 2383 1341 2446 infestum

80 2487 289 2568 occupandum
302 2501 378 2545 esse.
421 2474 508 2541 ⁸sed
528 2476 588 2537 alta
608 2476 843 2549 dissimulatione
863 2477 1022 2540 consilium
1045 2479 1209 2556 premebat,
1232 2487 1266 2541 ut
1287 2499 1341 2560 op

79 2588 223 2669 primeret
247 2584 406 2643 incautum.
458 2575 539 2652 Ergo
569 2571 644 2634 clam
669 2576 814 2655 quosdam
845 2594 882 2636 ex
909 2574 1023 2658 copiis,
1053 2575 1163 2655 quibus
1190 2583 1339 2654 praeerat,

80 2680 270 2755 subornavit,
289 2685 337 2752 ut,
357 2673 441 2755 quasi
463 2672 616 2750 ignoraret
634 2670 715 2749 ipse,
738 2678 996 2750 conquererentur
1013 2672 1129 2751 palam,
1151 2671 1339 2753 Meleagrum

79 2785 235 2863 aequatum
257 2794 324 2837 esse
350 2769 522 2834 Perdiccae.
572 2762 734 2845 ⁹Quorum
760 2785 899 2827 sermone
925 2768 1078 2849 Meleager
1106 2769 1203 2831 adse
1243 2769 1337 2832 relato

148 3027 190 3088 10,
210 3023 252 3087 28,
271 3022 294 3074 0,
325 3018 514 3085 collegere.
540 3017 610 3068 Nach
627 3017 689 3067 dem
706 3016 778 3067 Tode
797 3017 957 3068 Alexanders
975 3017 1102 3068 bemtltrte
1119 3032 1182 3067 mnu
1200 3019 1268 3083 sich,
1295 3019 1336 3069 die

79 3096 168 3148 liralte
186 3097 234 3145 des
252 3093 341 3141 staats
358 3085 644 3146 zusammenzubalten,
668 3085 757 3135 indcm
775 3098 837 3134 man
862 3085 906 3136 die
922 3086 1032 3149 Leitung
1055 3085 1198 3137 desselben
1218 3090 1247 3137 tn
1265 3089 1336 3138 eines

79 3166 202 3227 Einzigen
219 3160 294 3210 Hand
310 3159 386 3220 tegle.
422 3155 513 3204 lndem
531 3167 594 3203 man
611 3154 666 3202 ihm
687 3152 752 3202 aber
767 3154 844 3202 einen
866 3167 916 3203 aus
932 3153 1079 3215 mebreren,
1103 3167 1171 3217 ganz
1193 3156 1333 3207 verschie.

80 3232 234 3293 denartigeu
256 3226 434 3276 Charakteren
454 3221 603 3284 gebildeten
618 3221 743 3270 beistand
763 3218 824 3283 gab,
845 3233 876 3270 so
895 3219 1060 3271 vernicblete
1079 3234 1141 3271 man
1159 3223 1240 3284 J’enes
1257 3224 1336 3273 prin.

80 3301 123 3362 cip
142 3299 191 3348 der
207 3295 310 3345 Einbeit
328 3292 430 3341 wieder
455 3290 510 3339 und
530 3289 680 3339 zersttlclrte
707 3288 750 3338 dte
768 3288 863 3337 Macbt.
901 3289 936 3336 So
965 3287 1077 3339 llberlnd
1104 3302 1167 3339 man
1192 3291 1335 3352 gleichsam

80 3368 131 3417 den
152 3366 245 3427 Magen
266 3362 313 3413 des
335 3359 550 3420 staalskdrpers:
577 3357 665 3407 dieser
687 3370 742 3415 njar
767 3355 841 3405 nicht
861 3355 897 3404 im
918 3356 1017 3406 Slande
1037 3358 1111 3406 seina
1129 3359 1334 3421 regelmassigen

79 3434 242 3483 anlrtionen
262 3445 294 3479 zn
312 3427 471 3486 verrichten,
497 3425 579 3474 daber
596 3422 704 3473 sterben
726 3422 769 3473 die
790 3422 900 3484 llbrigen
918 3423 1024 3473 Glleder
1042 3423 1083 3484 ab,
1109 3425 1198 3474 tndem
1219 3427 1265 3475 die
1285 3425 1335 3475 be-

79 3501 209 3552 lebendcn
226 3497 431 3557 Einwirlrungen
444 3495 520 3555 jenes
538 3492 658 3553 Principe
677 3491 811 3553 gehemml
828 3491 894 3540 oder
911 3494 1014 3552 gestdrl
1032 3504 1131 3541 waren.
1153 3493 1244 3551 ¹lla'tle
1257 3506 1335 3543 nam-

79 3571 128 3620 licb
148 3570 226 3618 Eincr
246 3568 289 3616 die
309 3564 457 3626 Regierong
477 3560 589 3622 geleitel,
616 3571 647 3607 ao
665 3564 737 3608 wa'rc
763 3572 793 3608 es
820 3558 932 3620 moglicb
957 3572 1089 3620 genesen,
1114 3559 1163 3610 dns
1183 3561 1266 3611 neten
1286 3574 1334 3610 zu.

79 3635 330 3687 sammenzuhalten.
366 3629 437 3679 aber
454 3628 528 3677 Viele
546 3627 658 3676 sucblen
684 3639 713 3674 es
734 3640 766 3674 zu
787 3628 892 3675 stlltzen
911 3626 966 3674 und
985 3639 1016 3675 sc
1041 3630 1144 3677 musstc
1168 3641 1198 3678 es
1218 3632 1334 3679 sannen.

80 3734 111 3740 -
131 3703 212 3754 ruit.
231 3705 255 3751 S.
275 3703 330 3750 Liv.
350 3696 374 3758 3,
393 3695 437 3755 52,
455 3692 485 3744 b:
505 3709 607 3743 rasere
626 3709 659 3741 ae
676 3692 820 3757 deflagrare
838 3692 946 3741 omnia
963 3692 1066 3758 paraura‘
1085 3693 1151 3743 eatis.

147 3793 187 3856 10,
207 3790 248 3855 28,
266 3790 290 3843 3.
325 3785 491 3852 Principi
518 3799 583 3834 suc.
623 3784 694 3833 Nacb
713 3783 818 3847 Einigen
843 3783 948 3834 beziebt
968 3785 1023 3834 sicb
1048 3785 1091 3834 die
1112 3784 1192 3835 stelle
1216 3787 1333 3837 atriden

79 3867 227 3928 imperator
249 3859 381 3917 Claudius
406 3855 474 3905 nach
496 3852 602 3902 andern
627 3851 675 3901 aul
690 3851 870 3914 Vespasianus
896 3852 962 3901 oder
981 3855 1123 3915 Augustus.
1142 3877 1170 3888 -
1228 3853 1270 3905 ug
1298 3854 1333 3903 g:

79 3933 126 3983 cai.
165 3932 208 3981 als
228 3925 430 3978 Parallelstellen
453 3921 513 3971 sind
536 3934 568 3969 zu
591 3919 770 3983 vergleichen:
796 3920 898 3969 Seneca
917 3920 1017 3969 consol.
1040 3920 1075 3969 ad
1090 3918 1179 3982 Polyb.
1206 3868 1260 3970 bd:
1288 3921 1314 3971 ,t

79 4001 137 4050 dus
158 3997 232 4055 dcc,
260 3993 327 4060 qaod
341 3989 514 4058 praecipitato
531 3987 559 4036 ia
568 3985 728 4103 profundum
747 3985 908 4035 acdemerso
927 3984 1089 4035 inlecebras
1114 3984 1194 4035 orbi
1216 3987 1334 4053 resul-

78 4069 140 4127 sil,
158 4060 422 4130 semperlucect.
451 4053 549 4117 nino,
584 4052 608 4116 7,
628 4049 727 4102 lzncn
746 4052 903 4102 obversatam
923 4054 1141 4103 eaaemeaacricra
1158 4054 1333 4106 aocliail-

79 4135 157 4196 lina,
178 4143 355 4198 qaaepeae
382 4125 505 4175 ultima
522 4130 600 4188 atque
618 4126 724 4170 aecana
747 4120 876 4170 nomini
901 4137 1041 4170 romano
1060 4120 1263 4184 fueritne„

78 4204 141 4253 ciem
158 4198 265 4266 agminis
280 4192 454 4245 Gallorum
469 4207 516 4258 per
527 4188 653 4256 tarpeiam
669 4204 758 4253 nepem
774 4187 939 4237 scandentia?
956 4190 1039 4240 Tacit.
1053 4190 1114 4240 bist.
1132 4188 1156 4250 1,
1171 4188 1201 4240 11
1215 4191 1278 4244 flu:
1297 4191 1334 4241 lia

76 4271 128 4335 tacit
154 4283 240 4317 rerum
259 4278 425 4314 romanorum
445 4265 535 4322 alatae,
560 4272 635 4323 qamm
656 4255 710 4306 Ser.
732 4254 817 4305 Galba
832 4256 932 4315 item
955 4255 1025 4306 rem·
1046 4254 1134 4307 Walter
1159 4258 1279 4309 cosmica
1294 4260 1334 4308 ia-

78 4338 201 4387 cbcccere
221 4348 321 4393 annum,
341 4329 389 4385 sibi
407 4327 530 4388 ultimum,
550 4322 768 4390 reipublicae
785 4339 884 4390 prope
900 4339 1094 4388 supremum.

146 4425 188 4485 10,
206 4422 247 4487 28,
265 4421 290 4473 6.
328 4418 468 4470 Invidia.
502 4417 636 4467 Nalllrliclr
656 4414 765 4464 deorum.
800 4417 824 4465 S.
847 4429 879 4464 zu
900 4411 987 4475 1,01,
1008 4412 1033 4465 2.
1056 4442 1085 4450 —
1107 4411 1333 4477 tununne-

76 4493 233 4561 pcnedal.
272 4493 326 4541 Der
342 4487 483 4538 Ausdruclr
503 4487 539 4536 ist
553 4484 746 4546 doppelsinnig.
775 4485 801 4534 S.
820 4483 911 4532 Horat.
930 4483 1014 4533 Serm.
1032 4479 1057 4545 2,
1077 4480 1104 4543 5,
1119 4478 1165 4532 26:
1187 4488 1334 4550 astrapen

77 4562 237 4626 deponor,
263 4565 309 4608 out
335 4562 417 4605 artem
440 4552 531 4602 illatam
555 4550 664 4601 omittat.
694 4551 788 4601 Sanco.
815 4547 927 4613 eppal
945 4565 972 4614 p.
992 4546 1055 4600 104:
1083 4549 1215 4615 deporta
1232 4550 1334 4604 iatam

75 4644 181 4696 apem,
207 4641 281 4691 peasa
299 4632 324 4674 te
338 4621 482 4673 mam
499 4619 634 4685 departare
651 4616 754 4683 ingenio
772 4617 942 4669 marinam
959 4616 1080 4671 virorem.
