2820 4964
350 189 391 252 x.
416 187 496 251 vus.
520 189 568 250 11.
591 185 647 251 33.
669 186 815 249 33-33.
837 183 878 247 x,
901 136 1047 247 33-33.
1261 180 1327 248 333

73 383 112 422 cr
131 360 214 422 uobis
235 379 444 439 conceperam,
475 357 603 433 damno,
633 376 690 416 nec
711 361 749 415 ut
770 374 841 414 cam
866 350 1016 414 militibus
1039 354 1128 429 meis,
1156 357 1221 415 sam
1245 355 1327 418 enim

73 480 133 518 3333
153 459 278 533 desistis,
298 456 351 517 sed
365 463 403 515 ut
425 474 495 515 cum
518 455 737 532 ingratissimis
755 454 854 531 operis
875 455 966 529 agere
986 451 1110 510 demeoi.
1145 446 1328 512 22Secundis

73 553 170 628 rebus,
189 573 266 631 quae
278 553 572 636 circumfluuntoos,
592 552 734 610 insanire
753 551 897 627 coepistis,
920 546 1009 608 obliti
1027 549 1216 622 statuminis,
1240 566 1329 625 quem

75 648 218 728 beneficio
237 650 363 708 exuistis
383 667 463 723 meo,
485 648 577 727 digm
594 647 730 722 hercule,
753 648 809 725 qui
827 648 862 704 in
881 645 981 705 eodem
1004 648 1234 720 consenescatis,
1256 663 1329 723 quo-

75 748 162 805 niam
175 745 313 823 facilius
333 751 378 803 est
398 742 495 818 oobu,
520 744 695 820 aduersam,
719 763 813 822 quam
831 742 996 803 secundam
1021 761 1125 820 regere
1145 742 1329 822 fortunam.

76 837 160 901 ²³Ja
178 840 321 899 tandem!
365 841 542 918 Illyriorum
557 841 657 918 paulo
679 847 752 899 ante
769 847 800 898 et
820 840 987 899 Persarum
1011 835 1185 898 tributariis
1205 839 1281 897 Asia
1301 845 1333 897 et

77 945 122 997 tot
131 921 272 1015 gentiam
284 937 381 1014 spolia
383 935 522 1015 fastidio
542 943 624 996 sunt.
658 935 755 994 Modo
772 932 826 993 snb
843 934 986 1010 Philippo
1006 935 1172 995 seminudis
1192 935 1332 994 amicula

76 1054 115 1094 33
132 1052 278 1112 purpura
306 1031 444 1104 sordent,
479 1052 593 1091 aarum
622 1039 653 1092 et
675 1038 840 1109 argentum
872 1029 956 1088 oculi
972 1028 1069 1108 serre
1096 1051 1160 1090 non
1182 1037 1332 1110 possunt:

77 1130 182 1206 lignea
203 1130 284 1187 enim
307 1148 380 1187 vasa
401 1127 576 1188 desiderant
593 1135 625 1187 et
641 1147 679 1187 er
697 1124 833 1186 cratibus
850 1133 939 1185 scuta
957 1124 1188 1208 rubiginemque
1211 1129 1333 1208 gladio-

77 1245 158 1285 rum.
196 1219 300 1284 ²⁴Hoc
312 1226 401 1284 cultu
409 1226 541 1284 nitentes
553 1244 605 1284 nos
619 1226 731 1302 accepi,
753 1231 783 1283 ct
800 1224 973 1301 quingenta
991 1224 1110 1284 talenta
1127 1228 1209 1285 aeris
1227 1227 1334 1310 313331,

79 1341 173 1400 quum
195 1323 293 1380 omnis
314 1322 402 1398 regia
424 1322 560 1399 supellex
577 1319 664 1380 laud
682 1320 816 1398 amplius
837 1338 929 1396 quam
955 1323 1119 1399 sexaginta
1147 1323 1335 1382 talentorum

78 1426 164 1494 esset,
186 1436 322 1478 meorum
343 1436 468 1496 operum
479 1415 708 1497 fundamenta.
755 1414 870 1485 Quibus
887 1421 990 1474 tamen
1011 1415 1107 1492 (absit
1123 1419 1259 1496 inuidia)
1279 1419 1336 1477 im-

74 1517 198 1594 perium
222 1515 378 1572 maximae
405 1520 562 1573 terrarum
584 1513 686 1588 partis
714 1512 853 1588 imposui.
881 1506 909 1548 ²⁵
921 1513 1051 1572 Asiaene
1075 1523 1253 1592 pertaesum
1283 1521 1335 1594 est,

80 1633 159 1690 quae
180 1597 230 1671 333
249 1612 354 1689 gloria
382 1629 487 1669 rerum
511 1614 668 1685 gestarum
693 1607 752 1666 diis
775 1626 868 1685 pares
887 1609 997 1689 fecit?
1038 1611 1077 1670 ln
1104 1614 1262 1690 Europam
1290 1612 1337 1670 ire

78 1710 267 1787 properatis,
295 1727 366 1784 rege
385 1707 513 1780 deserto,
544 1722 637 1781 quum
658 1701 804 1782 pluribus
824 1713 958 1766 oestrum
986 1706 1170 1787 defuturum
1188 1709 1337 1767 oiatt'cum

71 1805 191 1884 fuerit,
204 1807 241 1864 nl
260 1824 310 1862 aes
329 1803 466 1862 alienum
484 1802 616 1874 lunum,
636 1819 743 1878 nempe
761 1803 797 1861 in
817 1804 948 1864 asiatica
962 1804 1090 1882 praeda
1125 1799 1225 1864 ²⁰Nec
1241 1805 1339 1883 pudet

79 1901 241 1979 profundo
253 1906 357 1960 uentre
368 1899 557 1959 duraturum
574 1899 715 1974 gentium
734 1900 832 1976 spolia
852 1899 1111 1979 circumferentes,
1132 1903 1246 1960 reuerti
1263 1901 1339 1961 uelle

83 1999 127 2057 ad
136 1996 243 2057 liberos
252 1997 459 2073 coniugesque,
480 1992 694 2071 quibuspauei
705 1997 851 2071 praemia
870 1998 1017 2057 m'ctoriae
1033 2000 1158 2075 potestis
1176 1999 1338 2060 ostendere.
1361 1998 1368 2013 ‘

83 2095 165 2154 11333
177 2101 353 2175 ceterorum,
372 2091 446 2149 dum
458 2092 551 2149 etiam
565 2093 629 2168 spei
636 2097 753 2149 nestrae
764 2089 881 2150 obuiam
892 2094 967 2167 13113,
985 2113 1076 2153 arma
1088 2114 1204 2174 quoque
1210 2096 1341 2174 pignori

83 2197 166 2250 ssent.
201 2184 228 2224 ²⁷
236 2188 332 2246 Bonis
352 2204 422 2243 aero
440 2183 588 2243 militibus
607 2187 765 2244 cariturus
784 2206 860 2261 sum,
873 2188 1022 2264 pellicum
1046 2211 1175 2250 suarum
1199 2191 1340 2252 concubi-

84 2286 153 2343 nis:
175 2280 282 2359 quibus
303 2279 360 2339 boc
380 2281 478 2338 solum
497 2300 536 2338 erc
558 2283 654 2339 tantis
675 2280 779 2358 opibus
797 2291 945 2361 superest,
975 2286 1009 2344 in
1039 2286 1121 2362 quod
1142 2288 1339 2366 impenditur.

85 2379 222 2442 Proinde
232 2373 435 2456 fugientibus
452 2393 500 2432 me
509 2381 644 2451 pateant
665 2377 796 2437 limites:
817 2377 961 2449 facessite
980 2381 1054 2440 hinc
1074 2384 1176 2452 ocius‚·
1197 2402 1252 2461 ego
1270 2398 1341 2444 3333

85 2477 188 2539 Persis
208 2473 384 2533 abeuntium
408 2479 495 2548 terga
515 2469 644 2532 tutabor.
689 2474 846 2534 Neminem
867 2482 968 2536 teneo:
989 2475 1114 2536 liberate
1132 2481 1234 2540 oculos
1252 2499 1342 2558 meos,

87 2571 294 2652 ingratissimi
311 2570 395 2629 en'aes.
433 2561 463 2605 ²⁸
471 2568 568 2628 Laeti
582 2588 633 2629 333
652 2571 807 2647 excipient
821 2578 968 2648 parentes
987 2570 1131 2652 liberique
1155 2577 1221 2635 sine
1244 2584 1342 2637 uestro

87 2691 158 2748 rege
168 2669 326 2728 redeuntes
334 2671 347 2725 t
367 2664 484 2726 obuiam
493 2663 584 2725 ibunt
596 2664 795 2727 desertoribus
808 2668 1062 2747 transfugisque!
1094 2665 1122 2708 ²⁹
1134 2671 1343 2751 Diumplabo

88 2765 256 2826 mehercule
270 2763 407 2843 defuga
425 2770 533 2837 uestra,
553 2770 591 2838 et,
611 2761 784 2840 ubicmque
802 2783 862 2839 cro,
884 2772 1024 2842 expetam
1041 2784 1168 2844 poenas,
1191 2767 1252 2844 hos,
1272 2787 1344 2828 cum

88 2861 196 2941 quibus
207 2880 255 2918 me
274 2860 459 2937 relinquitis,
476 2858 600 2918 colendo
616 2858 883 2938 praeferendoque
902 2859 990 2920 uobis.
1026 2862 1094 2921 Iam
1113 2869 1217 2922 autem
1236 2866 1344 2939 scietis,

88 2969 118 3020 et
138 2965 288 3037 quantam
300 2957 375 3014 stne
391 2974 462 3032 rege
481 2956 585 3014 ualeat
600 2956 759 3030 exercitus,
781 2955 906 3033 etquid
924 2957 989 3034 opis
1005 2958 1041 3015 in
1060 2977 1108 3018 me
1127 2979 1192 3019 uno
1211 2962 1259 3022 sit.

89 3205 182 3272 falso
202 3204 317 3253 nuntio
340 3210 542 3271 conceptam.
561 3200 638 3266 018,
655 3201 699 3254 1οε
716 3211 790 3267 metu,
812 3221 883 3271 quem
903 3221 942 3254 eu
960 3202 1006 3254 illo
1026 3205 1096 3256 bostc
1116 3208 1242 3274 quondam
1262 3225 1345 3260 333-

91 3280 260 3340 ceperant.
282 3300 309 3307 -
339 3272 490 3323 desistis.
510 3274 549 3322 F.:
568 3271 708 3321 destitistis.

161 3363 199 3424 10,
224 3362 264 3422 10,
283 3361 325 3411 2²2.
358 3363 526 3412 Enuistis.
551 3360 771 3425 s.1.iv.27‚8,6:
790 3363 887 3411 cauit
903 3365 1022 3430 antiquos
1040 3382 1128 3417 mores.
1147 3394 1175 3404 -
1200 3368 1345 3432 10‚10,23.

91 3433 276 3482 Persarum.
304 3432 394 3480 lustin.
414 3428 437 3492 7,
457 3428 480 3486 3,
503 3430 532 3480 1:
557 3448 632 3495 quum
651 3432 754 3480 interim
773 3429 866 3480 Dasius
882 3447 930 3479 reu
950 3432 1086 3483 Persarum
1105 3435 1173 3502 turpi
1191 3435 1223 3486 ab
1240 3437 1347 3502 Septicia

89 3503 155 3565 [uqa
173 3506 316 3558 summotus,
336 3515 367 3545 33
385 3496 476 3563 ubique
494 3497 613 3561 deformis
632 3498 741 3547 rnilitiac
755 3498 852 3548 damnis
873 3497 1015 3564 baberetur,
1034 3502 1113 3551 mittit
1132 3492 1189 3553 3333
1204 3512 1283 3570 parte
1300 3521 1358 3555 co-.
1383 3520 1387 3525 ·

89 3570 193 3635 piamon
212 3565 375 3631 Megabyzum
398 3565 432 3613 ad
449 3565 611 3631 subigendam
634 3566 769 3615 Thraciam
792 3573 926 3631 ceteraque
950 3567 1002 3631 ¹eius
1023 3576 1121 3619 tractus
1138 3589 1233 3638 rcqna:
1275 3573 1347 3624 uibus

88 3653 139 3703 pro
156 3633 262 3700 ignobili
276 3640 399 3682 momento
417 3641 473 3682 erat
494 3649 631 3683 accessura
648 3633 855 3683 Macedonia.
875 3661 903 3670 -
926 3635 1074 3688 sordent.
1096 3641 1121 3689 S.
1138 3641 1194 3690 Liv.
1206 3638 1232 3701 4,
1244 3590 1287 3701 lb,
1302 3641 1347 3692 11:

92 3703 156 3753 adeo
175 3719 202 3750 33
222 3702 273 3749 suis
294 3701 370 3750 etiam
387 3701 534 3763 sordere,
550 3718 597 3750 nec
614 3718 632 3750 a
645 3700 718 3768 plebe
734 3701 824 3764 minus,
843 3717 919 3768 quam
937 3718 955 3752 a
971 3703 1089 3770 patribus
1107 3709 1279 3759 contemni

162 3788 314 3855 101004.
350 3790 606 3840 Absitincidia.
633 3793 718 3855 Vergl.
737 3808 770 3842 zu
788 3790 814 3852 b,
832 3791 875 3853 21,
892 3790 916 3843 2.
940 3821 968 3831 -
999 3794 1038 3856 10,
1058 3795 1098 3859 10,
1116 3795 1157 3849 25.
1186 3799 1347 3864 11393313-

92 3870 193 3911 scrto.
214 3861 299 3922 vergt.
320 3856 343 3920 9,
364 3857 401 3920 11,
420 3856 460 3909 33.
480 3855 520 3909 31.
541 3887 573 3896 —-
603 3857 644 3918 10,
664 3858 703 3919 10,
718 3857 758 3909 26.
782 3860 954 3924 Profunda
972 3871 1101 3912 uentre.
1131 3867 1348 3917 0333313331-

93 3935 138 3980 ten
160 3932 211 3980 den
233 3930 323 3990 131333
344 3927 393 3976 der
412 3929 493 3977 Beate
514 3929 540 3975 in
561 3927 714 3977 Wohlteben
731 3929 886 3991 vergeudet.
907 3956 936 3965 -
963 3929 1093 3981 obuiam
1112 3933 1196 3982 istis.
1231 3935 1294 3984 Hier
1311 3936 1347 3984 im

93 3998 251 4048 teindlichen
271 3997 359 4053 Sinna.
380 3996 432 4045 wia
448 4009 470 4043 z.
488 3995 514 4044 B.
531 3992 555 4055 5,
575 3991 618 4054 25,
639 3993 686 4044 10:
705 4002 793 4044 vestra
808 3996 903 4045 uirtute
919 3997 1002 4060 frctus
1021 3999 1153 4050 obuiam
1170 4001 1268 4050 issem
1285 4000 1348 4050 lto-

93 4065 147 4114 311.
185 4067 238 4114 Der
258 4064 322 4112 sinn
341 4063 389 4112 des
405 4066 511 4112 Ganzen
531 4064 579 4111 ist:
601 4064 656 4111 Nur
671 4064 775 4126 wenigc
793 4077 845 4112 von
858 4064 931 4114 Euch
948 4065 1067 4118 bositzan
1086 4070 1155 4118 noch
1175 4071 1218 4119 die
1230 4071 1349 4132 83113133,

94 4135 138 4183 die
157 4134 199 4181 lhr
215 4134 251 4180 im
271 4133 347 4193 stege
365 4144 505 4193 crrungen.
541 4131 588 4180 Dic
607 4134 713 4192 grasste
729 4131 860 4181 Mehrzaht
883 4146 935 4182 von
956 4135 1027 4184 Euch
1045 4136 1091 4185 hat
1113 4139 1187 4187 nicht
1204 4151 1256 4188 nur
1275 4137 1349 4189 311333

95 4201 250 4262 vergentia,
277 4200 394 4248 sondern
418 4211 497 4261 sogor
515 4198 558 4247 die
582 4197 727 4248 kostbaren
745 4197 848 4248 Watfen
876 4201 1039 4264 verptn'ndet,
1066 4204 1109 4255 die
1133 4205 1178 4255 ich
1198 4205 1270 4254 Euch
1290 4205 1349 4269 gab.

97 4268 189 4317 tndem
218 4268 259 4316 thr
288 4265 361 4315 Euch
385 4267 474 4316 dieser
499 4265 676 4324 entkletdetet,
708 4264 853 4317 beraubtet
869 4268 911 4316 thr
928 4268 999 4323 Euch
1023 4273 1167 4334 sogardcr
1183 4273 1352 4336 Magtichkeit

96 4349 180 4384 neuer
208 4334 404 4395 Eroberungen,
434 4347 517 4383 neuer
542 4333 746 4396 Erwerbungen.
795 4334 840 4384 Bet
864 4334 921 4383 istis
944 4337 981 4387 ist
1004 4338 1077 4388 313131
1102 4354 1136 4390 an
1165 4341 1217 4390 den
1248 4354 1351 4404 gegan-

95 4403 225 4465 wiirtigen
240 4402 359 4452 Zustand
375 4400 491 4466 (3133331
507 4399 591 4465 sunt),
620 4401 737 4450 sondern
766 4414 800 4450 nn
825 4403 870 4452 dic
887 4403 1031 4468 Handlung,
1056 4408 1099 4457 dio
1123 4409 1216 4459 diesen
1234 4408 1352 4458 hervor-

94 4469 225 4534 gebrocht
247 4469 294 4518 hat
310 4467 426 4534 (piquori
453 4467 516 4516 slata
533 4467 615 4584 suntp,
636 4468 759 4530 gedacht.
776 4494 804 4505 —
841 4467 996 4531 101007.
1030 4471 1070 4523 ln
1096 4475 1189 4541 quod.
1215 4475 1261 4527 Rs
1277 4474 1351 4542 quod.

95 4537 128 4586 In
153 4537 220 4602 quod
243 4537 269 4586 d.
288 4536 312 4585 h.
336 4536 365 4584 in
406 4533 498 4585 ebls'ces.
523 4561 552 4574 ·-
599 4533 624 4596 0,
646 4533 686 4596 10,
704 4532 745 4585 09.
780 4535 868 4597 Quid
886 4538 961 4604 opis
986 4538 1022 4593 ic
1048 4558 1091 4591 sne
1112 4559 1173 4594 uno
1196 4541 1251 4595 sit.
1276 4544 1303 4593 S.
1326 4539 1343 4593 9

95 4603 124 4665 1,
143 4602 191 4655 001
210 4603 313 4669 quadan
329 4553 467 4653 nubtam
487 4603 623 4670 opcusiss
640 4603 728 4670 ipsis
746 4603 946 4657 maducabant.
991 4655 993 4659 .
1345 4583 1350 4605 ’
