2820 4964
108 167 168 231 mo
593 158 633 240 Q.
657 158 797 222 cnara
824 157 919 221 narr

106 335 255 416 equitibus
274 330 398 410 siugulis
420 326 575 390 denarium
596 347 668 389 sena
689 326 769 387 milia
791 327 867 388 data.
901 326 977 406 Ipsis
997 343 1118 406 quoque
1138 323 1227 386 finem
1246 322 1369 387 militiae

109 433 214 493 adesse
231 427 401 490 credebant.
432 419 458 463 ¹⁸
469 426 556 486 Haud
569 444 669 501 secus,
690 444 778 503 quam
792 443 847 502 par
867 430 939 498 erat,
952 422 1081 497 territas,
1102 422 1153 502 qui
1167 422 1259 483 ludos
1280 427 1370 504 atque

107 527 211 589 ultima
229 525 351 587 orientis
372 542 532 604 peragrare
554 520 721 595 statuisset,
752 519 922 599 praefectos
948 519 1104 598 copiarum
1127 518 1157 578 in
1183 520 1370 598 praetorium

108 622 270 684 contrahit:
293 620 468 700 obortisque
488 618 627 694 lacrimis,
648 637 686 676 ex
705 617 805 679 medio
824 616 939 696 gloriae
959 615 1058 695 spatio
1079 616 1217 677 revocari
1238 635 1282 692 se,
1300 611 1369 676 victi

107 719 216 800 magis,
244 739 331 799 quam
360 717 484 778 victoris
514 717 663 776 fortuitam
693 712 722 772 in
751 713 876 792 patriam
903 713 1065 774 relaturum
1095 719 1282 793 conquestus
1316 719 1369 787 est,

107 812 132 854 ¹⁹
144 835 201 876 nec
212 815 270 876 sibi
281 815 428 894 ignaviam
449 812 574 872 militum
588 810 718 884 obstare,
739 811 792 870 sed
816 809 941 870 deorum
960 809 1109 886 iuvidiam,
1128 809 1181 890 qui
1198 808 1369 870 fortissimis

108 912 180 974 airis
195 912 326 973 subitum
339 911 451 989 patriae
466 908 648 970 desiderium
669 905 881 984 admovissent,
902 907 993 986 paulo
1013 915 1084 986 post
1102 906 1132 966 in
1151 906 1281 967 eandem
1304 926 1368 967 cum

109 1011 222 1071 maiore
243 1008 333 1068 laude
356 1007 493 1086 famaque
513 1004 662 1065 redituris.
698 997 727 1040 ²⁰
736 1005 812 1063 Tum
836 1023 910 1064 vero
937 1022 995 1082 pro
1020 1022 1056 1064 se
1088 1003 1215 1084 quisque
1245 1023 1368 1083 operam

108 1126 192 1168 suam
220 1105 344 1175 offerre,
382 1100 556 1161 difficillima
582 1120 718 1180 quaeque
750 1117 893 1179 poscere,
930 1100 1068 1180 polliceri
1094 1099 1221 1162 militum
1248 1119 1368 1182 quoque

110 1200 297 1280 obsequium,
317 1198 343 1258 si
366 1198 481 1259 animos
502 1217 606 1269 eorum
628 1197 688 1258 leni
712 1205 742 1259 et
760 1204 830 1276 apta
848 1198 985 1259 oratioue
1005 1196 1195 1277 permulcere
1212 1197 1368 1260 ⁴voluisset

110 1291 134 1337 ²¹
146 1296 311 1376 Nunquam
329 1294 474 1354 infractos
496 1299 526 1353 et
546 1293 681 1355 abiectos
710 1293 889 1370 recessisse,
910 1294 1048 1375 quotiens
1070 1293 1166 1373 ipsius
1185 1292 1369 1357 alacritatem

110 1400 140 1454 et
160 1393 233 1454 tanti
253 1391 342 1455 animi
361 1390 484 1469 spiritus
499 1388 618 1450 haurire
640 1391 815 1469 potuissent.
858 1392 902 1452 lta
921 1410 954 1452 se
975 1392 1123 1452 facturum
1149 1410 1218 1453 esse
1246 1412 1370 1473 respon·

110 1491 165 1551 dit:
196 1488 240 1549 illi
262 1487 354 1548 modo
383 1487 466 1567 vulgi
496 1505 584 1548 aures
606 1494 822 1568 praepararent
843 1488 908 1549 sibi.
950 1487 1089 1568 Satisque
1110 1488 1266 1566 omnibus,
1296 1511 1368 1572 quae

110 1589 141 1648 in
155 1607 219 1647 rem
233 1585 411 1647 videbantur
422 1603 497 1659 esse,
517 1584 702 1663 compositis,
724 1585 827 1647 vocari
839 1585 877 1645 ad
897 1582 1074 1644 concionem
1095 1584 1260 1647 exercitam
1278 1588 1368 1664 iussit,

111 1684 192 1763 apud
211 1701 299 1762 quem
322 1679 412 1740 talem
432 1680 599 1741 orationem
620 1680 738 1742 babuit:

196 1779 260 1839 Vll.
303 1769 614 1854 ¹¹¹=¹Magnitedrnern
636 1796 751 1851 reram,
773 1795 849 1855 qaas
865 1777 1020 1855 gesn'raar,
1034 1776 1164 1852 asaias,
1179 1779 1369 1842 intuentibus

110 1875 207 1950 eota,
237 1875 363 1934 manime
384 1873 499 1931 miram
519 1879 579 1946 est,
606 1880 637 1931 et
658 1872 839 1933 &adoriam
866 1874 974 1950 qnietis
999 1880 1031 1933 et
1054 1876 1226 1936 sata‘etatem
1252 1880 1369 1956 glanae

112 1991 278 2034 occurrere.
331 1964 393 2030 ²IJt
419 1970 560 2028 omittam
591 1970 728 2049 Illyrios,
767 1967 938 2045 Tra‘ballos,
979 1971 1136 2033 aaronem
1143 2019 1151 2048 ,
1192 1973 1368 2052 Thraeciam,

112 2069 268 2148 Spartam,
295 2065 437 2143 Achaeos,
458 2066 707 2145 Peloponnesum,
725 2084 855 2146 quoram
870 2067 936 2127 alia
951 2066 1048 2128 dueta
1063 2086 1137 2146 meo,
1156 2070 1235 2133 alra.
1246 2074 1369 2154 imperto

114 2339 230 2382 canant.
253 2358 281 2368 -
301 2328 325 2393 6,
342 2329 366 2395 6,
389 2329 428 2382 17.
456 2330 646 2382 Denariam.
673 2333 711 2384 R:
730 2332 900 2384 amariorum.
935 2335 987 2385 Der
1006 2337 1095 2388 Dener
1112 2338 1147 2389 ist
1170 2337 1221 2389 der
1241 2339 1369 2391 Drachma

113 2400 373 2517 qlqlichtgerechnet
400 2414 431 2451 sc
462 2400 526 2451 dass
549 2400 597 2450 das
618 2401 706 2452 Gauze
730 2403 774 2453 eiu
799 2403 891 2453 Talent
922 2403 1026 2470 hetrug.
1052 2431 1081 2442 -
1110 2404 1204 2455 data.
1234 2408 1275 2460 l'.:
1310 2408 1369 2458 aa

132 2484 226 2520 cera.

183 2559 206 2623 6,
227 2558 251 2621 6,
274 2557 313 2608 18.
351 2558 514 2608 Territus.
545 2558 586 2609 F.:
607 2564 625 2607 t.
645 2557 802 2610 Alexander.
828 2562 854 2610 S.
875 2573 909 2610 zu
925 2557 950 2623 4,
967 2558 1009 2624 99,
1029 2559 1054 2612 9.
1075 2589 1105 2600 -
1130 2562 1368 2634 gloriaaapa-

117 2631 170 2680 tio.
203 2631 227 2679 S.
248 2625 332 2689 aaa,
355 2625 403 2677 18:
426 2626 1236 2696 epomemetiornonaetotisepatio,sedploriae.
1266 2636 1321 2688 Cic.
1341 2638 1370 2688 de

116 2713 153 2749 or.
173 2695 198 2759 3,
217 2695 242 2757 9,
260 2693 289 2744 7;
307 2710 321 2755 o
341 2693 464 2758 fallacem
480 2692 606 2742 bominum
624 2709 692 2758 spem
706 2694 875 2762 srapilcmqae
889 2697 1021 2759 [ortanam
1038 2705 1063 2746 et
1079 2699 1169 2751 inanes
1185 2710 1295 2756 noemae
1312 2721 1370 2755 con-

117 2767 249 2824 tentiones,
270 2779 336 2828 qaae
354 2764 383 2812 in
398 2761 501 2811 medio
522 2761 637 2826 spatio
664 2777 740 2826 saepe
762 2764 920 2829 sranpantar
943 2771 967 2813 et
993 2773 1116 2816 carram
1143 2775 1251 2820 etanta
1275 2772 1371 2840 inipso

117 2850 194 2884 aaran
210 2831 357 2893 obruantur,
383 2847 459 2896 qaam
481 2837 583 2895 portam
607 2829 753 2895 conspicere
771 2838 914 2895 potuerant.
932 2858 966 2869 -
1000 2836 1175 2889 revocari.
1210 2840 1240 2892 S,
1264 2841 1319 2894 Cla,
1342 2843 1370 2893 ad

116 2904 187 2952 Fam.
207 2899 249 2961 10,
271 2898 300 2949 1:
329 2897 359 2947 da
375 2915 429 2947 meo
449 2915 526 2948 aaran
540 2895 696 2962 reipublicae
713 2913 768 2948 sam
784 2915 845 2948 coca
863 2909 1056 2953 revocatae.

184 2989 251 3056 6,6,
270 2987 309 3042 19.
344 2989 518 3041 Invidiam.
553 2991 579 3041 S.
597 3003 630 3040 zu
650 2986 764 3051 4,91,9.
785 3017 813 3026 -
836 2989 1041 3042 desideriam
1057 2993 1302 3053 admovissent.
1329 3003 1371 3052 na

117 3061 267 3112 sehusucht
283 3072 340 3108 war
358 3059 436 3108 haine
455 3071 504 3107 aus
523 3058 585 3108 dem
612 3058 707 3122 cignea
726 3058 818 3108 Getuhl
842 3058 1031 3125 selbststandig
1051 3062 1285 3129 hervorgehende,
1311 3083 1371 3121 son-

117 3129 183 3178 dcrn
203 3129 242 3177 sie
265 3126 342 3175 ward
365 3126 445 3174 ihuen
464 3125 606 3188 gleichsam
626 3125 772 3176 ausserlich
796 3125 865 3177 nahe
889 3126 1026 3190 gebracht.
1066 3131 1095 3179 ln
1121 3133 1199 3183 mehr
1219 3141 1370 3189 concretem

117 3197 197 3245 Sinne
217 3195 276 3256 sagt
294 3192 347 3241 biv.
365 3188 391 3250 6,
411 3190 453 3252 10,
472 3189 502 3242 3:
519 3191 727 3260 populationibus
746 3193 805 3258 apri
826 3201 1003 3246 terrorest
1022 3196 1157 3263 oppidania
1174 3200 1341 3256 adoratae.

184 3281 210 3344 6,
228 3280 254 3344 6,
274 3280 317 3333 90.
356 3281 581 3334 Permalcere.
622 3285 647 3334 S.
668 3285 722 3335 Liv.
742 3281 765 3345 3,
787 3280 826 3347 14,
852 3281 1143 3352 62permalcendo
1163 3296 1371 3347 tractando-

117 3369 179 3420 qne
204 3351 425 3416 maamfeceraat
466 3350 550 3402 lebam.
587 3347 630 3411 98,
655 3348 696 3413 95,
719 3349 747 3403 cl:
780 3351 885 3418 placido
911 3369 1060 3405 sermone
1105 3357 1371 3415 ermelenus„

116 3429 224 3472 notor.
262 3421 319 3470 Und
343 3416 418 3482 zu6,
438 3368 504 3481 so.
528 3449 559 3455 —
591 3417 615 3481 5,
636 3415 662 3479 6,
682 3417 724 3468 91.
753 3418 939 3483 Infractoa.
970 3426 995 3472 S.
1014 3420 1166 3484 9,1,30;
1187 3443 1299 3483 amm
1318 3434 1371 3483 mi,

87 3549 90 3554 ,
116 3506 170 3540 moe
189 3497 212 3537 et
232 3489 366 3551 infractor.
387 3515 414 3524 -
445 3486 608 3538 abiectos.
630 3489 655 3536 S.
674 3489 726 3538 Cic.
747 3489 815 3540 Lael,
837 3485 883 3538 16:
905 3505 980 3556 saepe
998 3491 1026 3539 in
1045 3490 1193 3557 quibasdam
1209 3506 1261 3547 aaa
1279 3502 1372 3551 mm

117 3555 288 3607 abiectior
308 3562 345 3604 eat
369 3562 489 3622 catapan
510 3553 708 3622 amplificandae
724 3556 846 3621 [ortanae
861 3557 1028 3620 fractior.
1061 3558 1120 3609 Noa
1139 3569 1179 3612 eet
1200 3562 1206 3573 “
1229 3564 1284 3616 ‘em-
1302 3570 1373 3619 Μ

118 3622 195 3675 talem
208 3638 262 3673 eoae
278 3623 306 3670 ia
322 3638 383 3685 erem,
404 3622 488 3688 qualis
507 3621 552 3672 ille
568 3624 596 3672 in
612 3639 639 3676 ae
654 3631 704 3674 ert:
724 3622 769 3674 aed
778 3624 865 3704 potiar
879 3625 941 3675 eniti
957 3631 982 3674 et
999 3627 1108 3692 efficere,
1124 3633 1245 3682 mmet
1261 3635 1372 3687 iacea-

118 3699 180 3742 tem
205 3690 350 3740 animam
368 3691 467 3740 excitet.
489 3717 520 3729 -·
542 3690 692 3740 haurire.
713 3693 738 3741 S.
757 3693 810 3742 Lrv.
822 3689 864 3755 97,
875 3691 916 3756 51,
935 3691 965 3744 1:
981 3694 1080 3760 pamm
1097 3695 1204 3763 quiqu
1222 3701 1310 3756 mr„
1328 3720 1372 3755 m,

116 3759 236 3825 ribaaqae
254 3757 398 3807 haurire
420 3765 519 3816 tantam
535 3758 699 3825 pendium
718 3759 851 3826 capientes.
879 3762 940 3813 hlso
961 3763 1111 3826 geniessen,
1133 3766 1161 3815 in
1181 3767 1243 3819 sich
1263 3773 1372 3825 gum.

118 3842 188 3880 men.
208 3853 236 3863 -
257 3825 350 3875 modo
368 3826 562 3890 eingeschoben
577 3841 630 3877 von
644 3829 671 3877 Ζ.
686 3854 714 3863 -
736 3836 999 3907 praepararent.
1021 3831 1059 3880 R:
1079 3842 1249 3900 praeparem,
1281 3840 1307 3890 g·
1325 3842 1372 3893 cp&

116 3899 160 3948 Or,
183 3893 224 3958 98,
251 3890 301 3945 99:
335 3893 358 3944 ai
383 3895 406 3945 ia
429 3910 480 3943 non
505 3894 731 3961 praeparatio
758 3895 896 3947 carrhas
917 3897 1077 3961 inflammare
1097 3916 1150 3950 reas
1171 3905 1268 3971 coepit,
1292 3908 1373 3973 [qm

117 3963 187 4031 apud
209 3961 446 4014 aanor—videtur.
483 3963 541 4012 Und
560 3977 593 4012 zu
613 3957 636 4023 4,
656 3959 695 4023 40,
717 3961 755 4013 17.
776 3991 807 4000 -
826 3963 861 4012 in
878 3979 951 4018 rem.
987 3967 1012 4016 S.
1033 3967 1088 4020 Liv.
1106 3965 1147 4031 99,
1167 3964 1209 4033 99,
1231 3969 1265 4025 8:
1292 3974 1372 4028 Μή

117 4049 172 4083 eam
189 4031 299 4099 primam
319 4045 373 4080 aare
390 4029 480 4091 ciram,
499 4028 542 4094 qai
556 4029 610 4094 ipre
627 4028 754 4091 consolat,
775 4031 837 4097 qaid
850 4031 884 4084 in
900 4047 967 4082 rem
985 4032 1027 4086 m.

185 4120 209 4182 6,
229 4121 253 4185 7,
277 4122 299 4174 l.
337 4121 545 4170 satietatem
571 4117 719 4184 ploriae,
748 4123 773 4171 S.
795 4136 829 4174 zu
849 4119 873 4186 6,
891 4121 914 4187 5,
936 4122 960 4174 5.
986 4152 1017 4163 -
1047 4122 1073 4186 6,
1097 4123 1123 4187 7,
1146 4122 1173 4178 9.
1205 4128 1371 4199 Spartana

118 4193 166 4242 llit
180 4192 295 4242 Unrecht
313 4193 396 4240 neunt
416 4191 484 4239 Alex.
504 4187 592 4238 dieses
611 4187 647 4250 V„
676 4201 707 4238 so
732 4191 784 4242 wie
804 4191 847 4242 die
866 4193 970 4244 Achaea
991 4194 1046 4248 und
1063 4195 1106 4246 die
1125 4193 1242 4262 hbrigeu
1260 4201 1372 4255 Bewoh-

118 4274 167 4309 ner
180 4261 229 4310 des
240 4259 418 4322 Peloponnen
440 4257 510 4307 deun
532 4269 563 4307 so
583 4256 617 4305 ist
632 4256 681 4305 der
694 4258 789 4311 Zasatz
807 4272 839 4308 zu
857 4260 983 4312 nahmen:
1006 4260 1156 4327 uberhaupt
1174 4264 1228 4317 dan
1245 4269 1373 4335 Pelopon·

119 4340 174 4377 nes.
215 4328 274 4376 Von
294 4326 346 4376 den
363 4325 588 4378 lacedemoniam
607 4327 710 4374 musste
735 4339 764 4374 er
788 4327 846 4377 sich
864 4326 907 4378 bei
934 4329 983 4378 der
998 4329 1176 4384 Aufforderun
1216 4348 1271 4387 aur
1289 4339 1372 4389 Thell-

119 4393 215 4444 nahme
232 4407 266 4444 an
285 4393 346 4443 dem
363 4393 457 4457 Krlege
476 4405 560 4456 gagen
578 4391 687 4442 Persien
705 4392 747 4442 die
766 4395 887 4445 hutwort
903 4396 1015 4459 gefallen
1031 4397 1136 4451 lassent
1162 4345 1201 4471 plo
1224 4401 1293 4457 εἶναι
1311 4422 1325 4458 a
1344 4403 1372 4456 la

119 4459 224 4526 πάτριον
242 4455 395 4511 ἀκολουθεῖν
416 4456 512 4517 ἄλλοις,
531 4455 584 4509 ἀλλ’
603 4455 696 4515 αὐτοὺς
719 4456 806 4509 ἄλλων
827 4458 980 4534 ἐξηγεῖσθαι.
1008 4464 1063 4514 Ara
1084 4462 1192 4528 1,1,3,
1220 4470 1274 4525 me
1357 4498 1373 4511 ·

120 4524 179 4583 der,
196 4527 272 4578 Eleer
289 4542 315 4576 u.
334 4543 357 4580 a.
379 4531 482 4592 zeigten
500 4541 573 4579 zwar
590 4528 658 4577 nach
678 4527 739 4577 dem
760 4529 875 4592 Unglucl
894 4531 1016 4582 Thebans
1036 4532 1094 4583 sich
1117 4547 1180 4586 zum
1201 4538 1303 4593 §chain
1318 4542 1372 4594 hlo-

120 4593 222 4649 rander
238 4597 343 4660 geneigt
363 4598 392 4658 (a.
411 4600 467 4648 hrr.
488 4594 581 4661 1‚1u):
602 4595 678 4646 allelu
698 4597 849 4658 unterjocht
868 4598 980 4651 wardon
998 4600 1037 4650 sie
1056 4599 1138 4651 nieht.
1208 4648 1213 4661 ,
