2820 5002
106 145 183 233 aaa·
507 170 511 178 ·
569 164 609 244 o.
641 163 781 226 cunru
802 162 899 226 nuri

105 356 236 418 propere
257 337 370 396 Bessus
388 331 614 411 Bactrianique,
640 330 729 415 [qui]
752 333 987 412 deprecarentur
1005 328 1134 390 tristium
1153 328 1269 406 specie,
1290 330 1370 389 cete-

105 456 187 509 rum,
215 432 243 494 si
265 434 486 511 perseveraret,
513 429 657 505 vincturi,
689 429 963 490 circumstetissent.
1005 422 1026 464 ¹¹
1036 427 1228 487 Nabarzanes
1251 424 1370 486 interim

107 532 237 609 clapsus,
260 547 330 587 mox
353 531 385 585 et
406 525 519 585 Bessus
544 532 759 607 consequutus,
781 525 894 603 copias,
915 523 1023 603 quibus
1044 528 1209 600 praeerant,
1231 527 1371 582 scetere

107 627 240 689 exercitu
263 623 406 685 secedere
427 620 547 699 iubent,
568 629 717 683 secretum
740 620 842 682 inituri
865 619 1031 682 consilium.
1074 613 1274 680 ¹2Artabazus
1298 639 1371 679 oon-

42 741 55 753 ·
107 722 275 786 venientem
295 716 447 796 praesenti
467 717 606 779 fortunae
625 718 799 780 seutentiam
819 736 918 793 orsus,
939 717 1074 795 mitigare
1094 719 1234 790 Dareum,
1254 721 1371 794 tempo-

108 840 173 880 rum
191 814 353 877 identidem
377 813 558 888 admonens,
586 815 701 895 coepit:
733 816 825 876 ferret
851 833 950 893 aequo
979 813 1078 874 animo
1108 812 1370 893 qualiumcunque,

107 934 230 977 suorum
253 917 351 971 tamen
380 909 429 970 vel
462 908 616 970 stultitiam
645 911 693 972 vel
725 929 867 970 errorem.
911 905 1023 971 bistare
1053 909 1273 984 Alexandrum,
1305 928 1370 986 gra

107 1031 188 1086 vem,
209 1008 326 1069 etiamsi
348 1025 453 1067 omnes
475 1013 597 1085 praesto
623 1013 738 1070 essent:
760 1007 832 1086 quid
854 1009 1002 1082 futurum,
1026 1008 1051 1068 si
1074 1005 1249 1086 persequuti
1270 1006 1369 1082 fugam

108 1108 202 1187 ipsius
219 1105 406 1166 alienentur?
435 1097 567 1182 ¹³Aegre
590 1103 690 1182 paruit
702 1102 865 1177 Artabazo,
886 1107 916 1161 et
934 1122 1111 1182 quamquam
1130 1121 1253 1163 movere
1273 1108 1370 1165 castra

108 1208 264 1275 statuerat,
283 1200 411 1262 turbatis
432 1208 532 1262 tamen
555 1199 688 1261 omnium
711 1199 829 1274 animis,
856 1198 963 1258 eodem
981 1199 1012 1258 in
1033 1199 1104 1260 loco
1125 1199 1266 1261 substitit.
1309 1199 1370 1260 Sed

81 1283 87 1299 ’
108 1298 251 1362 attonitus
270 1296 415 1357 maestitia
435 1297 566 1358 simulet
586 1296 795 1375 desperatione
817 1294 1010 1356 tabernaculo
1030 1315 1063 1356 se
1083 1295 1214 1358 inclusit
1254 1290 1368 1374 14lingo

109 1399 139 1456 iu
158 1393 273 1468 castris
294 1413 370 1474 quae
385 1393 498 1455 nullius
517 1393 698 1472 regebantur
717 1392 854 1470 imperio,
876 1391 951 1452 varii
970 1393 1136 1453 animomm
1156 1398 1255 1453 motus
1277 1397 1368 1466 erant,

108 1491 217 1552 necin
245 1510 420 1566 commune,
448 1496 482 1550 ut
513 1497 615 1564 antea,
645 1489 868 1551 consulebatur.
909 1482 932 1525 ¹⁵
940 1492 1010 1550 Dux
1038 1508 1215 1568 graecorum
1243 1488 1368 1549 militum

108 1590 220 1648 Patron
232 1606 314 1646 arma
328 1605 436 1664 capere
454 1605 528 1647 suos
539 1586 623 1646 iubet
635 1591 818 1666 paratosque
831 1604 898 1646 esse
915 1585 953 1646 ad
975 1587 1181 1667 exequendum
1202 1585 1368 1664 imperium.

107 1679 133 1722 ¹⁶
145 1684 255 1744 Persae
277 1689 480 1743 secesserant:
508 1684 621 1743 Bessus
650 1703 720 1742 cum
741 1682 908 1742 Bactrianis
938 1689 1017 1756 erat,
1046 1683 1235 1763 tentabatque
1262 1683 1368 1742 Persas

109 1780 275 1853 abducere,
293 1779 404 1838 Bactra
424 1786 454 1841 et
474 1779 601 1839 intactae
623 1779 756 1858 regionis
781 1778 941 1857 opulenta,
965 1778 1130 1860 simulque,
1153 1798 1230 1859 quae
1251 1798 1369 1838 manen-

110 1875 188 1936 tibus
209 1860 352 1935 instarent
370 1873 514 1953 perioula,
539 1878 700 1936 ostentans.
744 1877 905 1936 Persarum
927 1876 1060 1936 omnium
1089 1875 1195 1935 eadem
1224 1876 1289 1936 tere
1317 1876 1369 1936 tuit

111 1991 180 2046 vox,
201 1971 285 2031 nefas
309 1991 376 2033 esse
398 1970 497 2031 deseri
517 1989 628 2048 regem.
669 1966 779 2032 ¹⁷lnter
797 1973 870 2032 haec
891 1969 1058 2032 Artabazus
1082 1971 1220 2031 omnibus
1241 1973 1368 2050 impera-

110 2066 197 2129 toriis
215 2067 395 2146 fungebatur
416 2065 540 2129 officiis:
573 2067 623 2127 ille
646 2069 804 2128 Persarum
825 2067 1017 2128 tabernacula
1044 2067 1218 2143 circumire,
1247 2068 1369 2142 hortari,

110 2182 233 2225 monere
252 2182 333 2224 nuno
356 2163 508 2244 singulos,
541 2183 622 2225 nunc
651 2165 825 2240 universoS,
853 2169 1003 2226 nonanta
1025 2163 1153 2239 destitit,
1182 2185 1271 2245 quam
1300 2164 1370 2225 satis

110 2265 261 2321 constaret
280 2259 427 2344 imperata
446 2261 587 2322 facturos
627 2261 710 2320 ldem
728 2279 818 2339 aegre
841 2281 859 2320 a
880 2264 981 2322 Dareo
1002 2260 1187 2340 impetravit,
1215 2267 1249 2321 ut
1270 2260 1371 2321 cibum

111 2360 241 2436 caperet,
261 2355 451 2439 animumque
472 2357 563 2416 rebus
582 2354 771 2418 adverteret.¹
1310 2363 1312 2367 '

138 2497 144 2505 .
192 2453 339 2514 XXVlll.
383 2449 470 2512 l2¹At
488 2454 601 2515 Bessus
621 2461 651 2514 et
668 2455 861 2515 Nabarzanes
882 2453 953 2514 olim
977 2454 1118 2532 agitatum
1141 2454 1240 2516 scelus
1262 2456 1371 2535 exequi

110 2554 257 2624 statuunt,
286 2549 371 2628 regni
400 2549 562 2629 cupiditate
593 2552 726 2611 accensi:
756 2553 857 2611 Dareo
877 2557 977 2611 antem
1002 2551 1146 2611 incolumi
1170 2556 1268 2612 tantas
1296 2571 1371 2632 opes

110 2664 231 2724 sperare
254 2664 315 2705 uon
333 2651 482 2723 poterant.
524 2639 670 2726 ²Quippe
689 2649 718 2705 in
739 2645 800 2706 illis
823 2646 960 2726 gentibus
979 2666 1085 2724 regum
1104 2646 1210 2722 eximia
1232 2647 1371 2723 maiestas

110 2748 170 2803 est:
189 2742 228 2802 ad
250 2761 360 2802 nomeu
380 2761 502 2823 quoque
524 2740 643 2802 barbari
663 2743 860 2819 conveniunt,
883 2749 913 2804 et
934 2742 1077 2821 pristinae
1098 2744 1251 2805 veneratio
1275 2745 1372 2806 fortu-

109 2852 165 2899 nae
185 2838 319 2920 sequitur
342 2839 507 2901 adversam.
541 2832 694 2900 '³lntlabat
715 2828 834 2918 impios
856 2838 971 2900 animos
994 2838 1096 2918 regio,
1126 2841 1175 2900 cui
1202 2840 1370 2918 praeerant,

109 2935 198 2995 armis
211 2934 345 3015 virisque
365 2940 395 2994 et
416 2935 513 3013 spatio
533 2935 672 2996 locorum
695 2935 769 2997 nulli
791 2956 892 2997 earum
913 2937 1045 3015 gentium
1066 2937 1206 2998 secunda.
1238 2936 1371 3004 Tertiam

111 3075 192 3142 [qui]
219 3077 256 3125 ist
272 3074 340 3124 nach
362 3075 433 3136 Couj.
453 3074 628 3139 binzugetugt.
666 3076 714 3126 Die
739 3076 833 3128 besten
852 3076 951 3128 Codd.:
979 3075 1176 3141 deprecarentur
1197 3075 1316 3126 tristium.
1345 3077 1369 3128 F.

109 3156 174 3192 nur:
196 3141 314 3203 tristium
331 3143 358 3191 Z.
374 3154 438 3190 nur:
458 3140 655 3207 deprecantium.
674 3145 743 3192 Statt
761 3145 820 3209 qui
842 3144 942 3194 konnte
962 3157 1023 3192 man
1045 3146 1113 3194 auch
1141 3147 1189 3194 mit
1207 3145 1237 3195 H.
1259 3144 1285 3194 Ε.
1306 3145 1370 3195 Foss

109 3209 208 3276 quasi
227 3209 360 3272 einffigen.

175 3297 202 3360 5,
220 3297 263 3358 27,
284 3296 324 3348 11.
364 3297 609 3365 consequutus.
631 3301 673 3350 F.:
694 3310 821 3366 sequutus.
842 3329 870 3338 -
892 3299 919 3361 5,
934 3300 975 3365 27,
996 3300 1035 3353 12.
1053 3301 1196 3354 laetare.
1218 3305 1266 3355 Die
1284 3305 1368 3355 Codd.

108 3369 207 3418 nutare
226 3368 394 3417 tameuoder
413 3367 431 3415 i.
454 3373 513 3419 tum.
549 3368 637 3419 Daber
653 3370 687 3418 ist
706 3370 925 3421 wahrscbeinlich
946 3385 979 3420 zu
997 3372 1083 3421 lesen:
1103 3372 1200 3421 instare
1217 3372 1283 3421 ium
1300 3370 1369 3421 Ale-

108 3436 245 3496 xandrum,
263 3450 375 3500 pravam.
397 3463 428 3470 -
449 3433 671 3485 alienentur?
707 3434 826 3502 Aegre.
858 3438 896 3486 F.:
923 3435 1067 3488 alienentur
1093 3457 1110 3488 a
1128 3456 1193 3505 repe.
1224 3439 1268 3488 Ea
1284 3455 1323 3491 re.
1339 3465 1366 3476 —

108 3503 134 3564 5,
154 3501 197 3563 27,
218 3499 256 3552 14.
277 3501 513 3564 incommune,
532 3505 582 3555 wie
602 3501 723 3567 smmi:
744 3503 885 3553 nibilin
904 3521 1069 3555 commune
1089 3506 1307 3568 consulitur,
1327 3520 1369 3557 wo

107 3571 371 3688 {grbggghtiqmbti
387 3569 476 3618 seditio
495 3571 527 3619 in
546 3571 686 3621 diversa
706 3571 855 3621 corasilia
873 3571 1061 3623 diduxerat
1076 3573 1185 3641 eulpam.
1221 3576 1309 3638 Vergl.
1331 3573 1369 3636 10,

143 3676 148 3700 ,
202 3676 253 3700 .,
307 3676 313 3698 ,
370 3676 375 3686 .

175 3725 258 3789 am,
278 3723 315 3776 16.
355 3727 535 3794 opulenta.
556 3727 780 3793 szopueuaam.
802 3731 826 3780 S.
845 3745 877 3781 zu
896 3729 919 3794 3,
940 3731 978 3794 17,
1000 3730 1023 3783 4.
1044 3760 1072 3770 -
1104 3732 1188 3798 5,27,
1211 3732 1251 3784 17.
1282 3732 1369 3782 Ani-

107 3810 250 3862 mumque
272 3793 372 3845 rebue
400 3795 603 3847 adverteret.
635 3798 660 3847 F.
681 3811 746 3848 nur:
764 3798 922 3865 animumque
939 3800 1015 3865 repis.

174 3886 200 3948 5,
219 3885 262 3947 28,
283 3885 305 3936 1.
344 3886 473 3936 Bessus.
503 3891 528 3950 S,
547 3887 571 3951 4,
589 3886 630 3950 25,
650 3883 682 3937 ti:
710 3887 802 3938 Bessus
825 3898 943 3956 suspecta
963 3892 1084 3957 perfidia,
1109 3890 1179 3942 baud
1200 3907 1262 3941 sane
1286 3908 1367 3959 aequa

107 3957 191 4007 animo
211 3954 363 4004 insecundo
381 3971 408 4003 ee
429 3954 667 4022 continmqradu,
684 3972 767 4022 repam
788 3957 906 4008 terrebat.
945 3957 1013 4009 Nam
1049 3976 1108 4009 uum
1131 3976 1235 4026 reanum
1254 3959 1367 4025 affectu-

106 4033 152 4090 ret,
171 4023 294 4091 proditio,
316 4039 367 4089 qua
382 4021 439 4072 solu
459 4022 487 4072 id
503 4024 603 4090 assequi
617 4029 729 4092 poterat,
751 4023 893 4078 timebatur.
914 4052 943 4064 -
972 4027 999 4088 5,
1019 3976 1062 4088 Bb,
1078 4025 1104 4077 2.
1124 4027 1174 4077 Ad
1196 4043 1322 4078 nomen.
1342 4031 1367 4079 S.

107 4097 181 4144 Caes.
198 4093 225 4143 b.
244 4105 268 4155 g.
285 4088 309 4153 4,
329 4089 376 4142 37:
400 4107 475 4157 quum
491 4090 535 4140 illi
550 4091 610 4140 orbe
627 4093 698 4156 facto
717 4107 770 4140 scae
788 4091 959 4157 defenderent,
978 4093 1096 4146 celeriter
1112 4091 1168 4145 ad'
1180 4092 1368 4146 clamorem

107 4161 272 4209 bominum
288 4159 393 4209 circiter
409 4157 483 4209 milia
507 4158 544 4208 VI
560 4167 798 4210 conuenerunt.

173 4250 196 4314 5,
215 4249 259 4310 98,
282 4248 307 4300 3.
343 4250 359 4299 1
364 4251 403 4312 us
408 4247 513 4313 labat,
537 4252 611 4301 nicht
630 4249 819 4315 inflammatam
843 4253 916 4302 nicht
939 4252 996 4304 ibre
1019 4253 1156 4316 Begicrde,
1178 4256 1297 4306 sondern
1325 4257 1367 4306 ihr

105 4320 344 4379 selbstvertrauen‚
363 4319 404 4368 ihr
423 4319 493 4368 Stolz
510 4320 604 4370 wurde
622 4324 756 4385 angeregt.
785 4321 809 4368 S.
828 4321 881 4369 nv.
899 4317 940 4381 45,
960 4319 1001 4383 31,
1021 4318 1113 4373 3:1050
1132 4329 1233 4372 ecculm
1253 4321 1365 4373 Aetolo-

104 4404 161 4437 rum
180 4402 273 4437 caueac
288 4385 315 4433 in
331 4385 444 4434 amnibus
463 4384 589 4436 Graeciae
606 4386 721 4453 qennbm
755 4385 887 4453 apulisque
903 4403 996 4451 earum,
1039 4388 1068 4448 ui
1088 4390 1173 4455 partis
1189 4389 1366 4441 Bomanormn

104 4456 218 4517 smeret,
236 4452 382 4516 inflavit
401 4453 437 4502 ad
452 4453 638 4504 intolerabilem
657 4405 800 4522 superbiam
815 4456 919 4506 neumas.
942 4453 983 4519 35,
1001 4404 1045 4515 li,
1065 4451 1088 4505 4.
1107 4483 1138 4492 -
1165 4457 1297 4509 nulli-
1309 4475 1364 4508 se-

106 4524 220 4572 cunda.
254 4524 338 4586 Vergl.
361 4523 430 4584 virg.
449 4523 512 4573 Aen.
530 4521 571 4586 11,
587 4520 653 4574 441:
678 4523 776 4575 Parma
794 4540 847 4590 eqo,
869 4523 961 4575 laud
986 4521 1176 4576 ulliaetemm
1194 4526 1359 4579 uirtuteee-

105 4590 233 4642 cundus.
270 4591 355 4653 Vergl.
365 4604 400 4639 zu
418 4587 442 4652 7,
463 4587 505 4650 14,
523 4588 564 4642 Bt).
1231 4620 1233 4627 a
1291 4631 1299 4648 1
