2820 4964
126 177 185 242 Vl.
194 176 277 262 xvt,
290 181 392 244 12-17.
401 177 501 244 XVll.
514 179 617 244 17-21.
627 176 802 243 11111111.
817 176 1154 244 taxillen-affl.
1166 180 1194 244 1.
1204 181 1234 244 2.
1258 174 1319 244 1OE

146 349 234 410 XlX.
274 341 393 425 ²4Erat,
415 355 559 430 utsupra
580 348 692 411 dictum
714 356 777 426 est,
804 349 973 430 Hyrcaniae
993 351 1116 413 finhima
1129 366 1208 430 ‘gens
1228 348 1319 412 Ama-

60 462 188 519 zonum,
219 445 300 508 circa
328 447 553 509 Thermodonta
578 465 695 508 amnem
723 447 936 526 Themiscyrae
955 447 1157 509 ‘incolentium
1184 466 1318 527 campos.

61 536 239 620 2⁵}teginam
264 544 411 606 habebant
442 543 635 620 Thalestrim,
664 543 803 605 omuibus
831 543 909 603 inter
936 546 1105 606 Caucasum
1133 551 1266 606 mentem
1284 549 1342 610 et.

62 639 170 700 Phasin
188 659 303 700 amnem
328 639 555 719 imperitantem.
596 641 678 701 Haec
700 639 840 719 cupidine
862 639 978 701 visendi
1000 640 1080 720 regis
1106 659 1234 702 accensa
1253 639 1319 701 fini-

62 736 119 796 bus
136 736 220 815 regui
239 736 287 798 sui
307 738 451 812 excessit,
473 741 503 796 et
521 755 613 817 quum
633 737 713 798 hand
731 735 840 815 procul
859 734 996 810 abesset,
1016 737 1170 816 praemisit
1187 737 1320 798 iudican-

62 839 123 907 tes,
152 833 269 894 venisse
300 833 432 912 reginam
455 833 586 894 adeundi
611 835 676 896 eius
694 831 958 913 cognoscendique
986 833 1112 896 avidam.
1144 829 1320 896 ²⁶Protinus

63 927 141 989 lacta
162 936 310 1008 potestate
336 930 489 1006 veniendi,
511 931 619 992 ceteris
649 929 737 992 iussis
766 929 946 1006 subsistere,
972 929 1114 991 trecentis
1142 930 1320 993 feminarum

62 1026 203 1086 comitata
224 1027 382 1104 processit.
428 1027 527 1108 Atque
549 1032 583 1088 ut
601 1027 731 1107 primum
752 1045 806 1087 rex
826 1025 857 1087 iu
878 1032 1044 1106 conspectu
1066 1026 1130 1105 luit,
1153 1047 1233 1108 equo
1253 1026 1321 1106 ipsa

61 1121 183 1183 desiluit
203 1121 277 1182 duas
297 1122 416 1186 lanceas
435 1126 557 1186 dextera
579 1125 761 1203 praeterens.
795 1118 934 1184 ²⁷Vestis
954 1142 1017 1185 non
1043 1129 1109 1185 toto
1132 1120 1321 1183 Amazonum

62 1217 187 1297 corpori
206 1219 384 1281 obducitur:
413 1240 482 1282 nam
503 1220 590 1283 laeva
609 1239 680 1299 pars
699 1219 737 1279 ad
757 1224 864 1297 pectus
892 1225 939 1280 est
962 1221 1058 1296 unda,
1088 1225 1189 1282 cetera
1212 1217 1321 1280 deiude

61 1314 207 1375 velantur.
250 1316 317 1377 Nec
336 1324 434 1381 tamen
455 1319 538 1380 sinus
560 1316 669 1392 vestis,
696 1334 785 1396 quem
814 1317 899 1378 nodo
925 1316 1090 1396 colligunt,
1118 1316 1195 1376 infra
1222 1332 1321 1393 genua

62 1411 225 1474 descendit.
253 1407 393 1477 ²⁸Altera
413 1415 524 1495 papilla
546 1414 656 1474 intacta
679 1417 824 1488 servatur,
843 1433 902 1493 qua
917 1411 1077 1474 muliebus
1097 1430 1187 1474 sexus
1206 1410 1321 1473 liberos

62 1507 156 1580 alnnt;
175 1509 310 1572 aduritur
323 1512 454 1586 dextera,
478 1517 512 1572 ut
526 1529 615 1571 arcus
637 1507 754 1569 facilius
776 1508 929 1570 intendant
951 1512 981 1567 et
1001 1506 1061 1567 tela
1080 1507 1208 1569 vibrent.
1241 1501 1322 1571 ²⁹In.

63 1605 168 1666 territo
190 1606 273 1668 vultu
299 1626 402 1687 regem
425 1607 589 1691 Thalestris
622 1603 809 1680 intuebatur,
839 1605 974 1667 habitum
1001 1602 1067 1665 eius
1091 1603 1322 1684 haudquaquam

62 1722 165 1763 rerum
188 1703 282 1764 famae
307 1723 412 1783 parem
442 1704 540 1766 oculis
565 1701 761 1783 perlustrans.
805 1702 928 1784 Quippe
958 1700 1099 1763 omnibus
1124 1698 1260 1760 barbaris
1290 1697 1322 1761 in

63 1818 226 1877 corporum
238 1800 392 1862 maiestate
407 1801 559 1864 veneratio
580 1803 635 1875 est,
654 1819 890 1881 magnorumque
910 1817 1037 1879 operum
1058 1816 1122 1860 uon
1138 1795 1218 1858 alios
1234 1815 1321 1876 capa-

63 1917 115 1958 ces
133 1903 253 1975 putant,
275 1917 363 1978 qnam
386 1914 464 1979 quos
486 1898 594 1960 eximia
611 1896 714 1976 specie
733 1897 847 1959 donare
867 1903 973 1959 natura
995 1894 1114 1975 dignata
1135 1899 1190 1956 est.
1226 1887 1322 1954 3009-

63 2001 158 2055 terum
178 1994 377 2073 interrogata,
403 2015 475 2056 uum
497 1994 611 2076 aliquid
632 1999 736 2073 petere
758 1993 867 2069 vellet,
891 1993 971 2054 haud
992 1991 1140 2053 dubitavit
1158 1990 1258 2067 lateri,
1281 1989 1321 2052 ad

63 2091 325 2152 communicandos
345 2112 415 2152 cum
437 2111 507 2170 rege
529 2091 644 2151 liberos
664 2109 698 2150 se
719 2090 847 2166 venisse,
869 2089 997 2169 diguam,
1017 2107 1055 2150 ex
1073 2108 1132 2171 qua
1153 2087 1219 2168 ipsc
1237 2087 1322 2167 regui

63 2189 220 2265 generaret
239 2186 375 2246 heredes.
417 2185 565 2246 Femiuini
587 2203 677 2245 sexus
709 2204 742 2246 se
763 2191 964 2261 retenturam,
995 2205 1107 2247 marem
1138 2183 1322 2246 reddituram

62 2282 150 2363 patri.
196 2269 221 2316 ³¹
229 2278 412 2354 Alexander,
441 2300 478 2339 an
504 2300 572 2341 cum
603 2279 671 2358 ipso
696 2280 823 2342 militare
848 2280 956 2358 vellet,
980 2281 1161 2362 interrogat:
1194 2285 1225 2341 et
1260 2280 1321 2358 illa,

62 2383 184 2440 causata
205 2376 268 2438 siue
287 2374 413 2435 custode
432 2394 557 2453 regnum
575 2375 749 2456 reliquisse,
770 2383 874 2457 petere
896 2378 1123 2457 perseverabat,
1143 2395 1181 2436 ne
1201 2395 1234 2436 se
1255 2375 1323 2437 irri-

62 2484 122 2538 tam
145 2474 210 2554 spei
230 2472 312 2533 abire
334 2477 494 2551 pateretur.
531 2466 677 2533 ³2h0ri0r
697 2473 735 2533 ad
757 2475 908 2535 Venerem
928 2472 1055 2534 feminae
1082 2471 1210 2552 cupido,
1233 2492 1321 2553 quam

63 2573 153 2651 regie,
176 2577 209 2632 ut
232 2587 347 2648 paucos
369 2567 433 2629 dies
455 2567 640 2644 subsisteret,
663 2568 805 2648 perpulit
847 2569 921 2630 Xlll
939 2568 1003 2630 dics
1021 2569 1051 2629 in
1069 2568 1250 2650 obsequium
1271 2570 1345 2655 de-¹

63 2667 167 2730 siderii
194 2668 259 2728 eius
288 2666 438 2744 absumpti
465 2671 544 2729 suut.
593 2665 671 2726 Tum
699 2663 751 2726 illa
775 2683 901 2746 ragnum
926 2685 1028 2743 suum,
1057 2684 1113 2727 rex
1144 2665 1323 2728 Parthienen

64 2764 241 2845 petiverunt.

148 2881 223 2944 XX.
266 2874 380 2942 Vl³¹Hic
402 2899 476 2940 vero
498 2877 598 2958 palam
619 2878 798 2958 cupiditates
823 2899 894 2940 suas
920 2879 1025 2956 solvit,
1050 2880 1322 2962 continentiamque

64 2985 95 3042 et
116 2975 360 3051 moderationem,
380 2975 411 3036 in
433 2975 576 3038 altissima
598 2993 716 3057 quaque
737 2976 858 3038 fortuna
880 2976 1038 3040 eminentia
1055 2976 1146 3053 bona,
1167 2977 1198 3038 iu
1218 2995 1323 3057 super-

64 3073 143 3136 biam
163 3092 200 3136 ae
229 3072 382 3136 lasciviam
411 3072 508 3136 vertit
555 3067 691 3135 ²Patrios
718 3092 818 3136 mores
849 3073 1099 3157 disciplinamque
1124 3075 1323 3138 macedonum

133 3343 158 3405 6,
179 3343 220 3407 19,
238 3343 280 3400 14,
315 3347 436 3426 Sapra.
466 3342 706 3410 ε.6,11,17.-,
733 3347 1159 3417 Themiscyrae—campos.
1187 3351 1212 3399 S.
1230 3348 1321 3399 lustin.

63 3411 164 3477 ‘lfflt
182 3413 209 3462 ta
221 3413 399 3481 Cappadocaae
414 3430 463 3463 ora
473 3414 549 3463 iaxta
562 3430 660 3464 amnem
676 3413 921 3466 Thermodonta
940 3416 1106 3466 consederunt
1123 3415 1321 3467 radicator-

64 3498 126 3547 qae
146 3479 382 3547 themiscyrios
400 3498 530 3551 campos
548 3498 709 3550 occrtpaaera.
732 3510 761 3520 -
794 3480 819 3546 6,
840 3481 937 3545 19‚27.
958 3483 1112 3552 Corpori.
1142 3484 1181 3536 a:
1207 3498 1320 3550 corpore.
1377 3534 1381 3538 ,

64 3552 113 3600 Die
133 3551 321 3600 construction
338 3552 387 3600 mit
405 3549 466 3600 dem
478 3551 556 3600 Dativ
571 3552 643 3601 steht
662 3551 727 3602 last:
748 3565 779 3603 sc
796 3548 819 3615 8,
832 3549 873 3613 38,
885 3549 933 3602 31:
951 3551 1062 3602 madum
1081 3551 1229 3602 abducta
1245 3549 1321 3600 aal-

63 3617 141 3665 mera'
166 3616 349 3678 cicatricem
377 3619 457 3682 vergl.
477 3615 669 3680 1111111.-
697 3618 801 3672 simas.
832 3620 919 3684 Vergl
939 3619 1011 3684 virg.
1029 3621 1094 3672 Aen.
1122 3619 1146 3680 1,
1165 3617 1231 3672 aad:
1252 3616 1322 3669 meda

60 3701 129 3750 pecu
147 3684 261 3750 nodoque
279 3685 348 3735 sinas
366 3683 521 3735 collecta
539 3685 643 3749 ficantes
662 3700 717 3736 von
733 3687 893 3749 dervanus
917 3688 962 3739 die
981 3690 1007 3738 in
1024 3689 1126 3740 Gestalt
1144 3689 1219 3742 eluar
1237 3688 1321 3753 laga-

64 3756 105 3804 rln
125 3753 313 3803 ihremSohne
333 3753 462 3804 ersehien.
485 3779 513 3789 -
544 3754 770 3819 infregerat.
802 3757 827 3806 S.
844 3769 878 3806 zu
896 3753 920 3817 5,
938 3753 981 3818 21,
1001 3753 1040 3808 18.
1128 3766 1131 3773 '

134 3857 216 3924 6,19,
236 3859 277 3911 29.
315 3860 483 3912 Omnibus.
504 3861 543 3912 F.:
564 3861 712 3912 hominihus.
737 3865 823 3928 vargi.
844 3865 920 3916 Caes,
940 3862 965 3914 b.
985 3865 1041 3929 gall.
1062 3860 1086 3928 2,
1105 3863 1156 3917 303
1173 3863 1322 3931 pleramque

64 3927 204 3977 hominihus
224 3927 307 3978 Gallia
325 3945 390 3996 prae
410 3929 629 3996 magnitudinem
664 3946 735 3980 oram
754 3946 857 3982 raomm
875 3929 985 3981 brevitas
1003 3938 1094 3982 mostra
1121 3931 1257 3981 contemtui
1276 3937 1320 3981 est.

65 3997 123 4046 Und
142 3997 234 4047 sohel
255 3998 375 4048 Andern:
405 3996 515 4046 homines
537 3997 619 4065 prisci
672 3998 728 4058 ctat,
756 3997 866 4049 homines
888 3999 998 4060 romam,
1026 3999 1098 4049 homo
1117 3997 1220 4051 mwlaa.
1240 4027 1272 4034 -
1290 3998 1322 4048 ta

64 4080 246 4129 corporum
264 4065 456 4114 maiestate.
482 4066 567 4130 Vergl.
584 4081 617 4117 zu
635 4064 661 4127 5,
680 4063 721 4127 Ὦ,
740 4066 764 4117 1.
786 4094 815 4104 -
838 4069 991 4134 capaces.
1017 4070 1044 4118 S.
1064 4069 1124 4118 Tea.
1142 4068 1207 4117 hun.
1230 4061 1321 4129 1,11:

63 4130 146 4180 solam
165 4132 217 4181 diat
232 4131 342 4199 Augusti
358 4140 463 4182 meatem
484 4138 571 4183 tantae
587 4133 661 4184 naalia
687 4149 850 4201 capacem.

133 4239 269 4303 6,19,30.
289 4242 315 4292 Ν
319 4258 369 4292 am
387 4240 531 4308 aliquid.
551 4243 599 4294 Die
612 4243 692 4295 Stella
708 4243 805 4307 geho'rt
822 4257 856 4295 zu
868 4244 963 4305 denen,
981 4246 1083 4297 welche
1099 4243 1245 4307 bauaima,
1258 4244 1321 4296 dass

64 4307 160 4374 ahqals
178 4311 246 4360 nach
264 4311 294 4374 ai,
317 4327 356 4368 aa,
377 4327 436 4360 aum
459 4325 485 4360 u.
502 4325 524 4362 s.
544 4324 576 4362 w.
597 4313 671 4363 nicht
689 4313 785 4362 immor
807 4313 857 4362 mit
873 4313 1034 4364 Nachdruck
1050 4315 1143 4378 gesagt
1166 4313 1214 4364 sai.
1254 4311 1322 4361 Nam

64 4376 128 4442 qaid
145 4380 237 4428 worda
258 4384 329 4430 etwa
348 4379 466 4430 helssen:
487 4377 523 4428 ab
541 4379 581 4430 sie
599 4381 642 4431 ain
659 4379 785 4444 Aulicgen
803 4379 889 4440 hattc3
908 4394 968 4429 nam
983 4378 1097 4446 aliquid:
1115 4379 1150 4430 oh
1170 4381 1208 4432 sie
1227 4379 1322 4446 irgend

64 4459 108 4559 culp
135 4446 259 4510 hollegen
283 4447 362 4498 hatte.
398 4447 452 4497 Der
471 4447 618 4510 Gagensata
642 4462 675 4498 zu
694 4448 785 4510 janam
810 4447 857 4498 ist:
884 4462 936 4497 aaa
958 4454 1002 4510 ιιι,
1027 4463 1061 4499 zu
1080 4447 1182 4500 dlesem
1205 4463 1257 4499 aaa
1284 4455 1323 4524 eat

63 4530 81 4562 a
104 4528 152 4561 am.

130 4618 219 4683 quo,
242 4621 263 4672 1.
299 4619 369 4672 uta.
401 4621 495 4674 Dtaser
511 4623 654 4688 zeitpunlrt
671 4623 776 4677 achelnt
794 4623 880 4676 durch
897 4623 1061 4679 Maxendora
1076 4625 1237 4680 raranderte
1254 4627 1321 4675 sitta
