2820 4964
316 187 383 251 vu.
403 186 661 287 mnae-ao.
678 187 750 249 xx,
776 191 901 250 1-12.
923 187 1012 252 xxi.
1033 189 1080 249 13.
1144 226 1153 242 .
1257 180 1322 250 'aaa

62 353 182 413 deserta
199 355 419 432 Sogdianorum
440 356 536 430 intrat,
555 361 706 416 nocturno
729 355 834 415 itinere
853 356 1016 416 exercitum
1035 356 1158 416 ducens.
1202 350 1320 435 2Αο00-

10 530 14 539 Ι
62 469 138 524 rum,
160 457 194 510 ut
213 452 409 512 antedictum
429 458 481 524 est,
504 452 631 530 penuria
651 452 735 529 prius
754 451 973 530 desperatione,
996 451 1255 532 quam'desiderio
1277 451 1319 511 bi-⁴

59 545 154 605 bendi
175 546 252 606 sitim
274 548 417 609 accendit.
460 549 518 609 Per
538 547 646 608 CCCC
664 548 760 608 stadia
779 567 817 608 ne
838 548 973 609 modicus
993 547 1113 627 quidem
1133 548 1319 608 0010000κί-

61 641 121 703 stit.
164 637 298 704 ³Arenas
318 663 414 723 vapor
433 644 538 705 aestivi
558 642 632 705 solis
655 643 804 704 accendit:
828 663 903 724 qnae
921 642 973 704 ubi
994 644 1120 720 flagrare
1142 644 1317 722 coeperunt,

61 739 141 799 lraud
162 760 258 815 secuS,
280 759 369 818 quam
391 741 555 800 continenti
575 740 712 800 incendio
731 737 1020 801 cuncta'torrentur.
1047 734 1181 819 *Caligo
1199 740 1316 815 deiude,

61 834 222 897 immodico
243 842 340 896 terrae
363 837 482 896 fervore
508 835 642 910 excitata,
668 834 768 896 lucem
798 837 884 915 tegit:
916 855 1150 916 camporumque
1169 855 1230 896 non
1249 835 1315 911 alia,

61 952 151 1010 quam
171 932 247 991 vasti
270 938 299 991 et
327 931 470 1008 profundi
490 929 630 1010 aequoris
649 932 766 1009 species
794 941 848 1017 est.
893 928 1102 995 ⁵Nocturnum
1129 932 1187 992 iter
1207 931 1317 992 tolera-

59 1026 121 1088 bile
142 1028 306 1101 videbatur,
322 1019 396 1105 ¹quia
418 1046 488 1087 rore
510 1035 541 1087 et
556 1027 699 1087 matutino
720 1028 831 1105 frigore
854 1048 986 1107 corpora
1002 1028 1185 1090 levabantur.
1228 1028 1318 1088 Ceto--

60 1143 128 1184 rum
150 1143 217 1183 cum
238 1123 303 1200 ipsa
321 1123 388 1183 luce
409 1128 509 1184 aestus
527 1123 631 1198 oritur,
664 1143 842 1204 omnemque
861 1125 1025 1185 naturalem
1046 1125 1189 1185 absorbet
1210 1125 1315 1184 humo-

60 1240 123 1279 rem
145 1219 279 1292 siccitas3
307 1239 361 1295 ora
385 1220 560 1300 visceraque
588 1219 706 1296 penitus
730 1226 866 1280 uruntur.
913 1215 1034 1299 ⁶Itaque
1059 1221 1188 1299 primum
1214 1220 1326 1299 animi„

60 1315 169 1375 deinde
196 1335 327 1394 corpora
348 1316 475 1377 deficere
499 1320 672 1393 coeperunt.
716 1315 840 1393 Pigebat
860 1322 890 1376 et
918 1315 1082 1375 consistere
1112 1323 1141 1377 e't
1163 1317 1313 1395 progredi.

60 1411 176 1471 ⁷Pauci
196 1431 214 1470 a
235 1412 340 1490 peritis
356 1411 487 1490 regionis
506 1410 649 1471 admoniti
669 1418 883 1488 praepararant
901 1430 1014 1490 aquam.
1060 1413 1141 1471 Haec
1163 1412 1315 1490 paulisper
1386 1464 1390 1485 ,

62 1508 204 1586 repressit
226 1509 322 1569 sitim:
346 1507 454 1568 deinde
477 1512 631 1567 crescente
661 1511 746 1566 aestu
773 1525 879 1567 rursus
904 1507 1083 1566 desiderium
1110 1503 1244 1567 humoris
1265 1529 1314 1567 ac-

61 1624 182 1665 censum
206 1611 257 1666 est.
301 1607 383 1684 Ergo
405 1602 549 1684 quioquid
571 1599 633 1662 vini
654 1599 772 1680 oleique
794 1607 866 1677 erat,
895 1601 997 1662 oribus
1024 1602 1224 1680 ingerebatur,
1253 1609 1336 1663 tan?

61 1707 148 1780 taque
171 1701 298 1762 dulcedo
317 1701 439 1761 bibendi
460 1701 524 1774 fuit,
551 1703 585 1759 ut
609 1696 639 1756 in
661 1702 816 1775 postemm
837 1699 902 1760 sitis
924 1717 985 1758 non
1007 1699 1169 1760 timeretur.
1214 1694 1315 1761 ⁸Gra-
1392 1739 1395 1754 .

60 1817 113 1858 ves
130 1797 236 1857 deinde
257 1798 342 1858 avide
364 1799 470 1858 hausto
489 1798 613 1856 humore
632 1812 693 1854 non
717 1796 863 1855 sustinere
883 1814 973 1871 arma,
1003 1815 1066 1856 non
1091 1794 1207 1874 ingredi
1229 1803 1314 1874 pote-

60 1900 141 1966 raut;
163 1901 192 1954 et
210 1895 362 1956 feliciores
384 1894 569 1968 videbantur,
590 1911 667 1972 quos
686 1910 764 1970 aqua
776 1892 934 1968 defecerat,
955 1913 1045 1972 quum
1065 1892 1124 1971 ipsi
1135 1891 1200 1954 siue
1221 1893 1312 1952 modo

60 1990 185 2050 infusam
199 1992 312 2051 vomitu
331 1999 511 2070 cogerentur
533 2008 664 2069 egerere.
700 1981 852 2048 ⁹Anxium
867 2008 969 2067 regem
983 1988 1072 2050 tantis
1085 1986 1170 2050 malis
1184 1989 1312 2050 circum-

59 2087 118 2146 fusi
139 2087 234 2160 amici,
253 2093 286 2146 ut
306 2087 487 2146 meminisset
510 2085 564 2159 sui,
587 2084 727 2153 orabant;
756 2083 853 2149 animi,
866 2085 913 2144 sui
933 2085 1166 2168 magnitudinem
1190 2087 1311 2147 unicum

59 2184 224 2243 remedium
252 2181 415 2240 deficientis
436 2181 586 2240 exercitus
607 2199 689 2240 esse:
719 2171 843 2256 ¹⁰quum
865 2198 903 2238 ex
929 2179 985 2252 his,
1015 2179 1065 2260 qui
1086 2179 1313 2258 praecesserant

57 2280 98 2339 ad
111 2274 288 2352 capiendum
301 2274 402 2333 locum
423 2277 536 2349 castris,
560 2277 619 2334 duo
643 2278 805 2334 occurrunt
827 2274 943 2334 utribus
966 2295 1072 2356 aquarn
1094 2284 1253 2355 gestantes
1278 2289 1312 2340 ut

58 2372 130 2433 filiis
150 2369 220 2445 suiS,
242 2389 319 2448 quos
339 2369 368 2427 in
391 2369 497 2428 eodem
522 2371 637 2449 agmine
654 2388 721 2429 esse
741 2374 770 2428 et
798 2387 886 2446 aegre
912 2370 975 2448 pati
997 2371 1076 2432 sitim
1102 2392 1164 2432 non
1194 2373 1312 2450 ignora-

58 2471 145 2541 bant,
167 2470 368 2527 occurrerent.
405 2460 426 2502 ¹¹
435 2464 495 2543 Qui
515 2485 607 2544 quum
626 2465 657 2523 in
679 2482 780 2541 regem
802 2464 982 2542 incidissent,
1007 2467 1083 2527 alter
1102 2487 1139 2526 ex
1161 2468 1214 2541 bis,
1244 2475 1311 2529 utro

60 2565 203 2638 resoluto,
228 2581 289 2637 vas,
318 2561 400 2641 qnod
419 2560 508 2620 simul
529 2561 651 2636 ferebat,
680 2559 792 2636 implet,
818 2561 976 2639 porrigens
993 2561 1066 2636 regi.
1108 2556 1162 2620 llle
1187 2564 1315 2643 accipit?

58 2666 261 2741 percontatus,
288 2658 395 2738 quibus
415 2676 521 2735 aquam
543 2661 705 2734 portarent,
725 2655 793 2716 filiis
813 2657 892 2717 ferre
915 2656 1080 2736 cognoscit.
1117 2652 1142 2694 ¹2
1150 2661 1236 2720 Tunc
1256 2663 1313 2742 p'of

59 2760 130 2819 culo
168 2757 268 2835 pleno,
289 2755 366 2815 sicut
385 2753 516 2814 oblatum
538 2758 591 2828 est,
612 2752 739 2827 reddito,
766 2753 828 2812 Nec
847 2752 950 2828 solua,
965 2753 1068 2832 inquit,
1102 2752 1198 2814 labere
1220 2760 1312 2816 msti-

57 2845 122 2929 nec,
142 2874 198 2912 nec
216 2861 280 2911 tom
300 2853 446 2930 exiguum
468 2850 601 2909 decidere
621 2847 759 2909 omnibus
774 2867 908 2926 possum,
958 2852 1013 2911 Vos
1029 2846 1145 2910 currite
1162 2859 1193 2911 et
1210 2850 1312 2914 uteru

56 2953 171 3024 uestris,
190 2949 409 3026 quodpropter
430 2947 499 3006 illos
515 2947 670 3019 attulistis,
692 2944 781 3029 date..
1176 2942 1179 2948 ’
1291 2941 1294 2947 ’

140 3047 228 3105 XXI.
259 3040 425 3104 ¹³Tandem
447 3041 485 3102 ad
505 3043 615 3102 flumen
629 3044 728 3102 Oxum
743 3040 808 3120 ipse
829 3042 965 3121 pervenit
984 3042 1080 3122 prima
1093 3044 1157 3105 fere
1173 3062 1309 3124 vespera.

126 3242 149 3304 7,
165 3242 206 3298 20,
226 3241 249 3291 2.
290 3239 328 3287 01
347 3239 568 3290 antedictum
589 3247 644 3288 est.
676 3240 760 3303 Vergl.
779 3239 802 3303 7,
824 3238 862 3300 18,
879 3239 919 3290 27.
942 3268 970 3277 -
994 3242 1159 3293 accendit.
1191 3245 1216 3293 S.
1233 3258 1267 3293 zu
1284 3242 1308 3305 d,

56 3309 98 3372 m,
122 3309 160 3360 12.
181 3309 206 3370 7,
225 3309 268 3367 20,
285 3306 310 3356 7.
333 3335 360 3343 -
382 3305 405 3368 7,
423 3305 464 3370 20,
483 3307 505 3358 3.
530 3306 641 3372 Vapor
661 3308 787 3356 aestivi
807 3307 896 3357 solis.
929 3310 962 3359 Es
981 3311 1017 3359 ist
1034 3311 1106 3359 nicht
1122 3312 1308 3361 wahrschein-

57 3380 117 3438 lieb,
134 3380 196 3428 dass
215 3376 361 3426 Alexander
379 3376 451 3424 dicse
463 3376 570 3438 Gegend
590 3375 679 3424 tru'ber
697 3377 811 3426 erreicbt
828 3377 898 3426 habe
919 3377 957 3426 als
974 3377 1009 3426 im
1023 3378 1087 3437 Mai;
1106 3379 1237 3427 vielleicht
1254 3383 1309 3430 erst

56 3450 156 3508 spater.
182 3447 258 3494 Danu
280 3443 345 3492 aber
358 3444 391 3492 ist
409 3443 536 3493 dleHitzo
553 3441 615 3491 dort
634 3443 717 3492 sehon
738 3444 800 3493 sehr
818 3443 964 3493 drdckend.
992 3444 1073 3494 Sonst
1091 3457 1113 3495 s.
1127 3459 1160 3494 zu
1176 3443 1201 3504 3,
1224 3443 1263 3509 12,
1285 3445 1306 3496 1.

127 3533 150 3594 7,
170 3533 210 3594 20,
230 3532 252 3582 l.
286 3530 414 3598 Ccltpo.
446 3536 473 3583 C.
491 3534 617 3584 schildert
635 3535 662 3581 in
680 3535 780 3583 diesem
795 3535 899 3598 Paragr.
919 3535 961 3584 die
979 3536 1141 3598 Wirkungen
1162 3536 1211 3586 der
1229 3537 1309 3586 Luft-

56 3604 212 3665 spiegelung
228 3602 343 3663 (Mirage)
370 3603 398 3650 in
421 3602 469 3650 der
483 3603 584 3651 thstc.
604 3628 635 3637 —
654 3601 679 3660 7,
700 3598 741 3661 20,
759 3598 782 3650 5.
810 3600 886 3651 Orc.
906 3605 932 3653 S.
951 3598 975 3662 4,
996 3599 1038 3663 30,
1057 3599 1088 3653 3:
1105 3601 1146 3653 sol
1163 3603 1248 3653 omnia
1264 3605 1308 3653 in-

56 3669 185 3730 cenderat,
206 3670 368 3732 siccaque
387 3676 418 3716 et
435 3668 558 3717 adusta
575 3674 649 3716 erant
665 3684 733 3717 erc.
754 3695 782 3703 -
802 3666 826 3729 7,
838 3666 882 3728 20,
894 3667 917 3718 7.
935 3668 1072 3718 Rursus.
1093 3668 1132 3720 Fssz
1152 3687 1260 3722 tarsum.
1276 3700 1304 3708 —

56 3737 265 3786 desiderium
294 3751 477 3785 accensum.
512 3737 597 3798 Vergl.
623 3733 646 3796 7,
671 3733 713 3796 20,
733 3732 760 3784 2:
787 3751 913 3801 uquarum
930 3736 1159 3802 pereurid—sitim
1182 3739 1306 3789 accendit.

56 3807 134 3854 Danu
144 3804 420 3853 autseetenzustande
438 3818 458 3852 z.
468 3805 496 3852 B.
507 3802 532 3862 7,
552 3800 595 3862 27,
614 3800 646 3850 21
666 3802 803 3850 accendere
813 3803 895 3864 ircm3
915 3801 939 3864 8,
952 3802 991 3864 11,
1004 3800 1029 3852 6.
1050 3801 1126 3867 10,,4,
1137 3802 1172 3854 29
1191 3822 1216 3855 c.
1233 3823 1306 3856 cmo-

55 3872 222 3934 0000110031.
242 3886 274 3919 zu
294 3868 319 3929 d,
340 3868 366 3930 8,
387 3869 425 3920 10.
444 3899 476 3906 -
498 3867 624 3926 oribus.
652 3870 724 3919 Nacb
744 3872 832 3934 Conj.;
851 3873 892 3921 F.:
912 3869 1057 3922 bominibus.

125 3960 150 4023 7,
166 3960 206 4024 20,
224 3959 247 4011 8.
282 3959 391 4026 Aqua.
428 3963 516 4012 Schon
535 3961 578 4010 die
595 3961 688 4011 Worte
713 3967 835 4026 tantaque
854 3960 959 4013 dulcedo
987 3961 1085 4011 biberadi
1102 3962 1229 4012 beziehcn
1250 3964 1308 4012 sich

56 4032 132 4081 nicht
150 4031 221 4079 bloss
244 4031 296 4095 ,aut
314 4029 399 4078 vinum
426 4031 480 4079 und
504 4026 594 4088 oleum,
627 4028 744 4078 sondern
761 4030 799 4078 im
813 4031 990 4093 Allgemeinen
1017 4031 1065 4080 auf
1081 4031 1158 4093 jedes
1185 4031 1308 4089 Getrtnk,

56 4099 172 4146 welches
192 4098 261 4146 noch
281 4097 358 4160 tibrig
376 4112 432 4146 war
451 4098 518 4146 oder
535 4097 591 4145 sich
608 4097 653 4144 hin
672 4097 726 4145 und
741 4096 841 4146 wieder
860 4097 908 4147 aus
924 4099 985 4147 dem
1002 4099 1085 4161 Wege
1105 4096 1209 4148 darbot.
1234 4092 1307 4148 Das-

56 4166 131 4215 sclbe
150 4167 196 4228 gilt
215 4179 266 4213 von
287 4165 348 4212 dem
374 4164 447 4212 uvida
467 4164 571 4212 baeatus
592 4162 696 4223 bumor;
723 4164 777 4213 und
795 4165 822 4213 in
849 4167 897 4214 der
914 4166 979 4214 That
999 4169 1076 4228 passt
1101 4165 1144 4214 die
1164 4165 1307 4215 Beschrei-

55 4233 131 4295 hung
152 4232 219 4281 auch
238 4232 286 4280 auf
305 4233 366 4290 den,
391 4232 439 4281 der
460 4232 582 4294 ptotzlich
604 4231 672 4280 nach
696 4231 787 4294 langen
804 4232 974 4296 Entbebrung
995 4234 1038 4282 ein
1058 4231 1234 4282 Uebormaass
1254 4245 1307 4282 von

56 4303 167 4349 wasser
187 4314 219 4348 zu
234 4300 291 4349 sich
311 4300 411 4348 nimmt.
446 4303 480 4348 So
499 4300 602 4347 kommt
625 4299 696 4348 deun
722 4300 747 4348 C.
768 4299 930 4349 scbliesslich
953 4315 985 4348 zu
1008 4301 1057 4348 der
1079 4312 1147 4362 ganz
1168 4300 1306 4362 attgemein

56 4369 190 4430 getassten
209 4367 383 4430 Bemerkung,
408 4367 470 4417 dass
491 4366 535 4416 bei
555 4366 622 4414 allen
639 4367 736 4415 Leiden
755 4366 824 4414 doch
847 4368 992 4430 dtejenigcn
1009 4367 1079 4414 noch
1098 4367 1306 4429 (0031000000-

56 4440 117 4485 sten
135 4448 257 4496 gewcsen
272 4441 369 4494 waren,
395 4435 438 4483 dle
458 4448 505 4497 gar
527 4435 588 4482 kein
606 4435 715 4483 Wasser
738 4434 836 4494 gehabt
857 4435 953 4484 hatten.
983 4461 1011 4469 -
1040 4430 1067 4492 7,
1094 4431 1138 4494 20,
1166 4432 1205 4483 10.
1238 4432 1305 4483 00-

54 4501 151 4551 stria.
180 4504 204 4550 S.
226 4503 279 4550 biv,
300 4499 341 4562 35,
358 4499 400 4563 28,
417 4499 446 4550 6:
466 4501 558 4550 castris
579 4516 650 4566 quem
668 4499 750 4548 locum
770 4508 879 4566 cuperet.

125 4589 151 4653 7,
167 4589 208 4656 21,
229 4590 265 4642 13.
305 4593 421 4672 oxum..
432 4595 474 4644 Gr.
493 4597 571 4645 antu.
583 4584 681 4650 Ὦξος
698 4591 765 4642 oder
776 4585 878 4651 ’οξοο
896 4655 897 4658 ¹
915 4592 948 4643 Es
970 4594 1005 4644 ist
1021 4593 1070 4644 dor
1087 4594 1154 4644 amu
1175 4593 1241 4644 oder
1259 4593 1306 4641 Gi*
