2820 4964
26 32 36 387 l
88 277 90 280 .
306 232 359 296 ιν.
381 231 434 295 1v.
458 235 508 295 as.
530 187 582 295 aa.
604 229 640 294 u.
658 232 885 296 eausam.
915 234 1059 297 aa-aa.
1269 228 1313 292 oa

10 390 32 467 ²!
53 403 165 479 randis,
188 421 277 482 quam
299 402 438 480 gerendis
461 403 561 481 aptior
581 403 682 477 rebus,
715 420 752 462 ex
774 403 837 462 suis
860 402 970 482 quique
988 403 1061 464 vicis
1087 398 1311 482 urbibusque*

54 505 237 560 coneununt
266 499 305 559 ad
332 498 458 559 delenda
492 498 641 578 praesidia
668 500 835 559 Persarum.
881 498 941 574 Qui
968 498 1071 573 territi,
1098 506 1197 582 tamen
1226 515 1312 575 spem

52 597 198 657 retinendi
219 595 391 674 Aegyptum
413 615 475 656 non
500 590 673 662 omiserunt.
701 591 725 634 ³¹
734 595 796 656 Sed
815 614 868 655 eos
886 594 1032 673 Amyntas
1052 595 1169 674 proelio
1189 613 1312 672 supera-

50 695 144 754 tasin
163 695 270 755 urbem
292 691 454 770 compellit,
479 693 646 772 castrisque
667 691 776 771 positis
799 691 931 753 victores
951 692 988 750 ad
1010 691 1201 770 populandos
1221 711 1311 770 agros

50 789 72 832 *
92 789 223 851 velutin
246 789 346 850 medio
365 788 473 868 positis
492 787 514 830 *
534 789 663 850 hostium
678 799 786 850 cuncta
805 788 977 867 agebantur.
1010 783 1147 868 ³²ltaque
1163 790 1312 862 Mazaces

10 938 12 943 .
50 906 231 967 quamquam
250 886 364 947 infelici
393 883 511 963 proelio
541 905 665 946 suorum
686 885 801 947 animos
819 887 940 946 territos
962 904 1030 946 esse
1050 893 1242 963 cognoverat,
1269 892 1313 946 ta·

48 1002 121 1043 men
140 981 277 1059 palantes
298 989 328 1042 et
346 980 490 1041 victoriae
512 982 622 1042 fiducia
645 982 782 1042 incautos
808 988 970 1056 ostentans,
999 981 1140 1060 perpulit,
1167 1001 1206 1042 ne
1227 982 1312 1059 dubi-

47 1085 151 1142 tarent
170 1097 208 1136 ex
226 1078 302 1138 urbe
325 1096 481 1156 erumpere
502 1084 532 1139 et
554 1096 603 1138 res
617 1078 741 1152 amissas
762 1097 951 1168 recuperare.
986 1073 1053 1139 3³ld
1073 1077 1231 1140 consilium
1248 1098 1311 1139 non

45 1176 169 1239 ratione
189 1164 374 1251 prudentius
397 1173 486 1253 quam
507 1165 616 1235 evenlu
633 1175 750 1236 felicius
769 1173 842 1235 fuiti
856 1176 893 1235 ad
915 1194 1007 1236 unum
1029 1194 1134 1236 omnes
1152 1195 1222 1237 cum
1242 1176 1310 1254 ipso

47 1275 130 1334 duce
151 1269 244 1333 occisi
265 1275 342 1330 sunt.
382 1271 443 1330 llas
465 1290 580 1349 poenas
595 1273 742 1350 Amyntas
764 1272 882 1350 utrique
900 1273 965 1350 regi
986 1271 1075 1346 dedit,
1103 1272 1197 1334 nihilo
1217 1275 1311 1353 magis

48 1369 88 1445 ei,
106 1367 145 1428 ad
167 1385 255 1446 quem
277 1367 485 1444 transfugerat,
508 1367 595 1440 fidus,
615 1382 704 1446 quarn
723 1367 775 1440 illi,
798 1386 887 1445 quem
910 1368 1091 1429 deseruerat.

133 1464 185 1524 Vl.
207 1456 345 1522 .³4Darei
372 1467 537 1541 praetcrea,
565 1462 616 1542 qui
645 1462 764 1539 proelio
787 1463 868 1540 apud
891 1465 977 1523 lsson
998 1465 1216 1541 superfuerant,
1242 1486 1312 1526 curn

42 1560 133 1642 ,omni
150 1579 247 1634 mauu,
277 1577 354 1638 quae
376 1557 525 1637 fugientes
547 1565 674 1638 sequuta
705 1564 776 1634 erat,
807 1565 961 1636 assumpta
988 1559 1076 1619 etiam
1096 1561 1312 1639 Cappadocum

49 1666 80 1720 et
102 1656 328 1736 Paphlagonum
350 1655 511 1730 iuventute,
540 1653 665 1733 Lydiam
687 1673 874 1735 recuperare
901 1656 1061 1718 tentabant.
1100 1651 1311 1736 3⁵Antigonus,

48 1760 173 1835 praetor
194 1751 367 1827 Alexandri,
393 1751 506 1830 Lydiae
527 1757 682 1831 praeerat:
711 1752 770 1834 qui,
801 1757 979 1833 quamquam
1001 1751 1168 1833 plerosque*
1185 1753 1312 1816 militum

49 1872 95 1936 err·
107 1850 265 1930 praesidiis
285 1849 324 1909 ad
349 1868 452 1929 regem
472 1846 631 1924 dimiserat,
658 1854 757 1909 tamen
784 1817 1105 1928 barbarisii'pie'tb‘in
1127 1850 1221 1910 aciem
1239 1871 1311 1914 suos

49 1948 161 2010 eduxit.
203 1947 317 2006 Eadem
338 1945 400 2023 illic
431 1966 551 2027 quoque
579 1948 699 2006 fortuna
727 1947 857 2024 partium
882 1946 950 2007 fait:
978 1946 1073 2008 tribus
1093 1946 1227 2026 proeliis,
1247 1950 1311 2011 'alia

49 2053 139 2125 atque
150 2043 208 2103 alia
217 2043 344 2121 regione
355 2043 661 2145 eonrmgffiiQPerme
670 2044 843 2105 funduntur.
887 2038 1039 2104 ³⁶E0aem
1048 2050 1185 2123 tempore
1207 2045 1312 2109 classis

21 2186 24 2191 .
49 2141 252 2202 Macedonum
263 2159 301 2198 ex
314 2139 440 2198 Graecia
452 2139 548 2198 accita
557 2138 775 2215 Aristomenen,
796 2141 847 2221 qui
867 2142 904 2201 ad
915 2140 1102 2218 Hellesponti
1122 2160 1205 2203 oram
1225 2161 1312 2204 recu·

10 2276 15 2305 ¹·
50 2234 215 2316 perandam
234 2255 252 2293 a
271 2234 374 2292 Dareo
395 2239 460 2293 erat
479 2235 597 2307 missua,
625 2235 718 2314 captis
734 2239 797 2298 eius
819 2244 870 2299 aut
892 2236 1005 2299 eversis
1028 2237 1154 2298 navibus
1179 2246 1313 2318 supera}

50 2330 78 2371 ³⁷
92 2331 121 2390 A
145 2328 267 2389 Milesiis
295 2327 402 2389 deinde
430 2329 646 2404 Phamabazus‚
675 2336 845 2410 praefectus
873 2333 1008 2413 persicae
1033 2333 1146 2409 classis,
1183 2337 1312 2414 pecunia

51 2431 167 2501 exacta,
197 2434 227 2486 et
248 2424 399 2505 praesidio
425 2426 456 2486 iu
482 2426 588 2488 urbem
609 2428 715 2491 Chium
745 2431 928 2506 introducto
958 2436 1077 2491 centum
1105 2431 1232 2492 navibus
1250 2433 1312 2492 An-

51 2526 149 2598 drum,
180 2529 209 2582 et
235 2523 304 2582 inde
326 2522 472 2602 Siphnum
499 2525 592 2604 petiit.
634 2528 694 2588 llas
720 2519 841 2609 quoque
860 2526 971 2588 insulas
989 2527 1146 2606 praesidiis
1172 2537 1310 2608 occupat,

51 2619 180 2700 pecunia
199 2620 311 2682 multat.
1095 2622 1099 2631 '

124 2709 340 2795 38lllagnitudo
363 2718 449 2795 belli,
473 2718 618 2798 quod⁴ab
645 2719 880 2798 opulentissimis
902 2720 1042 2798 Europae
1065 2718 1215 2799 Asiaeque
1234 2723 1311 2800 regi-

51 2893 213 2958 kriegerisch
228 2889 392 2940 bezeichnet.
424 2892 462 2938 lm
483 2890 659 2952 hllgemeinen
674 2893 753 2953 sergl.
773 2893 838 2941 Hirt.
858 2892 891 2942 de
909 2892 967 2941 bell.
983 2892 1116 2943 alexandr.
1137 2889 1219 2954 2111:
1242 2893 1310 2943 Cae-

51 2978 97 3011 sar
112 2961 159 3010 etsi
173 2957 336 3022 pellacem
359 2963 457 3020 gentem
475 2956 613 3014 (aranachst
636 2970 690 3005 von
714 2959 766 3007 den
781 2959 999 3021 Alexandrinam)
1022 2975 1218 3026 semperque
1236 2960 1310 3012 alia

52 3029 267 3094 cogitantem,
290 3021 366 3072 alia
384 3021 605 3072 simulantem
622 3019 681 3071 bene
698 3025 825 3088 cognitam
839 3022 958 3081 babebat.
989 3028 1052 3077 Plln.
1071 3029 1197 3095 Panegyr.
1216 3027 1259 3090 31,
1279 3028 1310 3081 2:

50 3105 195 3146 ventosa
224 3101 248 3141 et
272 3090 432 3141 insolens
457 3092 528 3140 statio
554 3088 742 3158 Aegyptiorum.
765 3120 793 3128 —
821 3093 954 3160 quique.
988 3096 1028 3146 F.:
1050 3096 1159 3162 quisquc.
1183 3099 1209 3146 S.
1230 3113 1263 3148 zu
1285 3096 1310 3160 3,

51 3163 76 3226 8,
92 3162 132 3214 95.
156 3190 185 3199 -
204 3167 428 3211 concurrunt.
463 3161 515 3210 Vor
538 3161 640 3210 diesem
659 3161 752 3212 Warte
772 3163 851 3212 stand
870 3164 897 3212 in
916 3164 964 3213 der
984 3164 1070 3229 Vulg:
1098 3165 1134 3213 ad
1152 3165 1200 3214 loc
1218 3165 1310 3232 ipsum,

50 3232 96 3284 bei
112 3234 210 3293 Zumpt
228 3229 276 3278 boc
291 3229 379 3294 ipsum.
418 3230 477 3278 blan
498 3229 534 3278 ist
550 3228 617 3277 uber
633 3229 703 3278 wahl
722 3229 878 3293 berechtigt,
903 3232 996 3282 beides
1024 3233 1066 3282 litr
1089 3235 1149 3284 eine
1170 3235 1311 3298 Corruptel

50 3314 84 3350 zu
106 3300 203 3349 hatten.
221 3325 252 3332 -
271 3296 456 3344 retinendi.
486 3296 528 3344 F.:
547 3295 683 3349 obtinendi.
711 3297 796 3360 Vergl.
816 3293 842 3355 6,
865 3297 903 3361 17,
923 3297 963 3348 al.
986 3327 1013 3336 -
1045 3301 1242 3354 amiserunt.
1268 3303 1310 3352 R:

50 3367 197 3418 annuunt.
219 3367 244 3413 S.
263 3363 287 3424 3,
306 3361 330 3425 4,
351 3363 372 3413 1.

120 3455 146 3518 4,
162 3456 185 3517 6,
200 3454 240 3506 31.
275 3453 723 3520 castrisque-agebantur.
761 3457 809 3506 Die
826 3458 909 3522 vulg,
931 3461 983 3509 wie
1003 3461 1043 3510 sic
1058 3461 1083 3509 F.
1101 3459 1184 3524 glebt‚
1205 3461 1240 3511 ist
1257 3459 1310 3510 lol-

49 3527 153 3591 gende:
175 3524 316 3589 castrisque
328 3523 419 3589 positis
438 3523 547 3570 uiatores
567 3522 602 3571 ad
617 3521 778 3588 populantes
797 3541 873 3590 agros
891 3525 1024 3575 adunit:
1051 3525 1088 3576 ac'
1099 3526 1169 3577 velut
1185 3527 1213 3577 in
1229 3526 1311 3577 meato

46 3593 142 3662 positis
159 3591 310 3641 omnibns
331 3591 438 3640 bostium
455 3598 581 3640 cuncta
601 3589 807 3656 agebantur.
841 3595 866 3642 Z.
885 3595 965 3643 nalnn
981 3596 1041 3645 eine
1058 3596 1208 3658 Conj.au1:
1223 3597 1311 3645 uicto-

49 3679 93 3713 res
122 3660 158 3711 aa
177 3658 336 3726 populandos
356 3675 441 3724 agros,
469 3657 538 3707 relat
560 3658 588 3707 in
611 3658 691 3708 mealia
712 3660 865 3726 positos,
890 3660 998 3711 hostiurn
1019 3663 1136 3713 cuncti
1160 3663 1308 3729 agebantur.

49 3732 110 3782 Den
127 3729 279 3792 passenden
293 3728 435 3778 Gedanken
452 3727 525 3790 gieb't
550 3728 610 3776 cod.
631 3728 791 3779 Theocreu.:
810 3729 950 3793 castrisque
964 3729 1055 3795 positis
1075 3731 1185 3780 uictores
1199 3732 1311 3795 serti-

48 3804 133 3848 nant
159 3796 194 3845 ad
218 3794 376 3862 populandos
404 3810 488 3859 agras.
532 3795 588 3844 Und
611 3795 682 3844 daun
710 3798 746 3845 ist
771 3797 903 3847 vielleicht
928 3812 962 3847 zu
994 3798 1151 3849 schreibeu:
1186 3805 1211 3846 et
1239 3797 1311 3849 aaut

49 3867 79 3915 in
95 3863 176 3914 medio
191 3864 318 3930 positis
336 3863 415 3928 caplis
439 3861 547 3910 bostiam
563 3869 656 3910 cuncta
676 3862 824 3927 agebantur.
857 3866 942 3928 Vergl.
966 3860 1111 3929 wegen'in
1138 3865 1219 3915 medio
1248 3866 1311 3933 porri

49 3937 107 3985 Liv.
127 3929 170 3991 45,
192 3929 230 3992 18,
249 3929 282 3981 5:
296 3929 340 3979 ubi
357 3931 385 3978 in
401 3930 481 3979 medio
496 3929 596 3995 praeda
616 3929 851 3983 administrantibus
872 3940 942 3982 esset.
973 3934 1075 3996 Wegen
1100 3934 1148 3984 des
1169 3933 1310 3984 absolulan

50 4001 142 4069 copiae
151 4001 204 4050 Cic.
218 4000 264 4048 Otl.
284 3997 306 4060 1,
326 3995 365 4058 16,
383 3997 433 4048 52:
453 3998 541 4063 copiae
558 4013 657 4063 parvae
674 3997 831 4064 singulorum
846 4008 911 4050 sunt.
930 4002 1026 4060 Attii,
1045 3998 1092 4050 112
1114 4001 1178 4061 (vita
1201 4001 1311 4063 civium)

50 4068 140 4137 opibus
163 4068 252 4131 firma,
279 4066 359 4132 copiis
380 4063 499 4132 locuples.
538 4065 640 4129 Wegen
663 4066 707 4131 agi
724 4068 784 4117 Tac.
803 4068 868 4120 Hist.
888 4067 913 4128 1,
931 4066 963 4119 b:
989 4074 1235 4134 agerent—cunata
1253 4066 1312 4116 adia

50 4147 77 4188 et
98 4144 204 4185 terrare.
229 4162 260 4172 -
289 4131 315 4193 4,
337 4133 363 4193 6,
383 4132 424 4184 32.
456 4133 606 4183 Maraces
626 4136 783 4186 veruvaltete
802 4137 871 4186 wohl
890 4137 934 4188 die
951 4139 1070 4199 Provinz,
1091 4136 1224 4186 nachdem
1240 4134 1312 4183 Sa-

52 4200 300 4320 '⁶⁶⁶⁸4icubi'n3'
322 4200 363 4264 27,
387 4200 435 4263 10),
460 4203 509 4251 der
537 4203 692 4264 cigentliohe
718 4204 821 4268 Satrap,
847 4218 908 4254 zum
931 4202 1021 4256 licere
1041 4201 1222 4255 commandir't
1246 4217 1309 4254 war.

50 4274 138 4336 Vergl.
172 4270 241 4332 ,9,
279 4310 283 4319 .
965 4312 978 4340 ,
1304 4306 1310 4318 .

121 4360 144 4426 4,
163 4359 186 4424 6,
205 4360 247 4412 35.
286 4359 488 4426 Antigonus.
526 4361 714 4424 Ursprangtich
732 4363 806 4412 batte
823 4363 890 4412 nach
908 4365 1010 4413 Arrian.
1030 4361 1052 4420 1,
1075 4360 1115 4425 17,
1141 4359 1250 4413 tuales
1268 4362 1311 4413 dic

52 4432 176 4494 Satrapie
194 4445 247 4480 ron
268 4430 367 4493 Lydien
388 4429 513 4488 erhalten,
534 4430 589 4478 und
610 4431 756 4492 Antigonus
774 4431 842 4479 nach
860 4432 961 4479 Arrian.
985 4429 1009 4490 1,
1030 4427 1070 4493 89,
1092 4427 1110 4481 3
1128 4431 1171 4480 die
1190 4430 1311 4494 Satrapie

52 4514 105 4551 von
131 4499 268 4562 Phrygien.
304 4497 388 4560 Vergl.
409 4498 480 4547 Curt.
500 4493 523 4557 4,
545 4493 801 4559 23‚13.10,30,a.
826 4495 850 4559 7,
872 4496 893 4557 1,
912 4496 937 4549 7.
958 4525 986 4534 —
1013 4495 1089 4547 alia
1113 4504 1214 4564 atque
1239 4495 1312 4557 alia

51 4567 200 4633 regione.
222 4568 246 4615 S.
264 4563 288 4626 5,
308 4562 348 4626 33,
369 4562 409 4614 10.
430 4561 453 4625 6,
472 4562 513 4626 73,
533 4562 573 4612 27.

121 4654 148 4717 4,
166 4654 191 4718 6,
211 4653 254 4709 36.
289 4654 440 4715 Euentu
468 4655 698 4707 bishernsrsis
722 4658 790 4709 nach
821 4657 883 4706 dom
909 4658 1036 4720 gewohnt.
1058 4657 1204 4785 degrauch.
1239 4659 1264 4706 S.
1284 4653 1310 4715 4,

876 4738 899 4781 2
