2820 4964
462 195 529 259 vn.
553 194 574 259 ι.
594 198 700 261 3-9.
724 197 763 260 n.
785 200 929 278 rof-15.
953 178 956 185 “
1261 197 1337 260 ma·

63 385 162 444 pauca
184 384 219 425 ex
238 364 291 438 his,
313 383 388 443 quae
410 371 632 444 composuerat,
652 366 795 443 protulit;
817 367 856 427 ad
876 365 1012 427 ultimum
1033 385 1095 426 non
1116 366 1261 427 memoria
1276 386 1325 428 so-

62 463 134 538 lum,
157 461 317 523 sedetiam
337 481 421 522 mens
442 482 509 523 eum
530 462 671 524 destituit.
711 457 817 522 9anli
838 468 902 523 erat
923 462 1055 538 dubium,
1073 459 1143 544 quin
1166 462 1325 542 trepidatio

63 559 265 620 conscientiae
285 557 425 618 indicium
448 565 542 635 esset,
568 578 629 620 non
658 558 820 619 memoriae
848 559 960 621 vitium.
1003 560 1106 640 ltaque
1128 581 1165 621 ex
1185 559 1244 634 his,
1272 547 1324 639 qui

63 655 194 735 proximi
216 655 376 731 astiterant,
398 655 602 717 obluctantem
624 655 721 716 adhuc
744 655 889 717 oblivioni
908 656 1022 717 lanceis
1043 656 1250 718 confoderunt.

148 753 182 813 ll.
223 746 250 790 ¹⁰
260 751 354 812 Cuius
379 771 510 831 corpore
529 752 639 828 ablato,
661 772 715 813 rex
736 753 888 823 introduci
908 752 994 814 iussit
1015 753 1175 833 Amyntam
1196 759 1226 814 et
1247 753 1323 814 Sim-

63 851 167 910 miam:
196 868 265 908 nam
282 847 444 923 Polemon,
478 847 617 909 minimus
645 869 682 908 ex
711 834 867 926 fratribus,
896 868 986 931 quum
1012 849 1158 911 Philotam
1187 850 1323 930 torqueri

62 945 277 1024 comperisset,
310 945 495 1022 profugerat.
543 939 565 982 ¹¹
573 944 714 1006 Omnium
743 945 876 1007 Philotae
916 946 1081 1007 amicorum
1113 946 1143 1006 hi
1177 945 1322 1007 carissimi

60 1044 198 1116 fuerant,
224 1040 263 1099 ad
290 1059 397 1118 magna
426 1047 456 1101 et
482 1043 628 1103 honorata
657 1041 819 1102 ministeria
849 1030 929 1103 illius
958 1043 1084 1104 maxime
1113 1042 1323 1124 suffragatione

60 1136 221 1218 producti;
251 1137 482 1219 memineratque
501 1159 571 1212 rex,
592 1158 709 1199 summo
729 1139 829 1199 studio
852 1139 945 1199 abeo
966 1139 1143 1202 conciliatos
1166 1139 1239 1215 sibi,
1266 1158 1323 1206 nec

62 1234 233 1309 dubitabat,
255 1235 342 1294 huius
364 1254 483 1314 quoquc
505 1234 601 1296 ultimi
624 1233 741 1294 consilii
762 1234 854 1295 fuisse
875 1235 1047 1314 participes.
1089 1232 1113 1276 ¹²
1123 1236 1231 1316 igitur,
1249 1235 1322 1297 olim

61 1331 122 1393 sibi
143 1350 209 1391 esse
231 1336 390 1410 suspectos
408 1331 509 1392 matris
529 1349 602 1391 suae
621 1329 746 1404 liberio,
776 1330 884 1409 quibus
907 1340 987 1392 esset
1007 1333 1193 1411 admonitus,
1226 1340 1259 1394 ut
1284 1334 1322 1394 ab

61 1429 109 1489 his
132 1428 257 1488 salutern
280 1447 364 1489 suam
394 1432 535 1488 tueretur.
579 1425 721 1486 Ceterum
750 1445 783 1485 se
814 1426 936 1488 invitum
963 1427 1114 1487 deteriora
1143 1430 1322 1505 credentem,

62 1545 144 1586 nuno
165 1522 465 1585 manifestisiudiciis
496 1522 624 1596 victum,
652 1520 777 1582 iussisse
803 1521 917 1586 vinciri.
957 1518 1065 1584 ¹³Nam
1090 1520 1201 1602 pridie,
1234 1547 1323 1606 quam

62 1623 254 1701 detegeretur
272 1620 406 1680 Philotae
430 1618 547 1694 scelus,
575 1617 647 1698 quin
679 1624 797 1679 secreto
824 1639 893 1679 cum
918 1620 1121 1696 coluissent,
1152 1641 1214 1682 non
1232 1642 1323 1700 posse

63 1718 200 1780 dubitari.
242 1719 379 1778 Fratrem
402 1734 492 1790 vero,
521 1714 572 1795 qui
594 1714 777 1793 profugerit,
806 1735 897 1794 quum
920 1715 957 1776 de
978 1717 1096 1778 Philota
1122 1725 1323 1798 quaereretur,

62 1817 217 1894 aperuisse
238 1815 325 1892 fugae
346 1832 476 1874 causam.
515 1805 652 1891 ¹4Nuper
681 1817 801 1890 praeter
832 1814 1079 1875 consuetudinem
1106 1815 1198 1875 officii
1219 1815 1321 1894 specie

61 1912 169 1972 amotis
191 1912 309 1990 longius
337 1909 445 1970 ceteris
475 1909 643 1970 admovisse
665 1909 844 1988 semetipsos
864 1909 950 1970 lateri
981 1930 1038 1971 suo
1066 1909 1149 1971 nulla
1172 1912 1323 1990 probabili

63 2029 169 2069 causa:
198 2028 290 2088 seque
313 2007 484 2081 mirantem,
515 2006 597 2086 quod
616 2025 679 2066 non
701 2007 766 2068 vice
787 2026 843 2068 sua
860 2005 912 2066 tali
931 2007 1128 2086 fungerentur
1148 2007 1264 2084 officio,
1293 2016 1323 2070 et

61 2098 135 2183 ipsa
148 2103 345 2181 trepidatione
368 2122 472 2162 eorum
496 2102 696 2179 perterritum,
719 2112 841 2163 strenue
860 2102 898 2162 ad
914 2104 1088 2182 armigeros
1110 2103 1160 2184 qni
1185 2105 1322 2183 proxime

61 2202 282 2280 sequebantur,
311 2198 481 2258 recessisse.
520 2191 600 2254 ¹⁵Au
620 2197 693 2255 baec
715 2198 875 2272 accedere,
898 2199 996 2289 quod,
1017 2220 1110 2280 quum
1128 2199 1321 2285 Antiphanes,

62 2295 164 2357 scriba
184 2293 330 2372 equitum,
352 2291 497 2368 Amyntae
521 2291 722 2351 denuntiasset
743 2293 856 2371 pridie,
876 2314 964 2372 quam
987 2295 1122 2356 Philotae
1150 2296 1250 2358 scelus
1272 2296 1322 2358 de

61 2392 246 2472 prehensum
267 2394 360 2461 esset,
381 2392 414 2446 ut
435 2405 472 2444 ex
491 2385 552 2446 suis
575 2387 658 2465 equis
678 2406 762 2447 more
786 2387 877 2449 solito
897 2388 981 2450 daret
998 2390 1059 2466 his,
1080 2391 1132 2470 qui
1146 2391 1322 2467 amisissent,

62 2487 194 2567 superbe
217 2483 424 2564 respondisse,
453 2481 510 2542 uisi
529 2480 649 2560 incepto
670 2482 841 2560 desisteret,
870 2484 955 2544 brevi
976 2485 1136 2562 sciturum,
1168 2486 1235 2567 quis
1256 2487 1321 2566 ipse

64 2771 118 2819 Ea
143 2769 201 2819 tis.
228 2772 280 2819 Das
297 2769 392 2819 Fehlen
413 2768 462 2818 des
474 2765 671 2830 Hauptbegritls
690 2767 731 2818 bei
752 2767 800 2816 der
821 2769 963 2830 partitiven
976 2768 1165 2820 Construction
1184 2771 1219 2821 ist
1228 2770 1319 2821 seiten.

64 2843 91 2889 S.
104 2853 136 2888 zu
150 2839 175 2887 C.
187 2835 210 2900 3,
226 2835 266 2897 31,
284 2835 330 2887 17:
353 2834 410 2883 inde
429 2851 465 2882 ea
485 2835 640 2900 captiuis
658 2833 874 2901 spadonibus,
893 2835 948 2900 qais
969 2832 1119 2884 Alexander
1139 2844 1209 2900 esset,
1227 2853 1320 2888 mon-

62 2904 265 2956 strantibus.
287 2906 346 2953 Tac.
367 2916 426 2952 ann.
445 2900 466 2964 1,
487 2899 532 2951 77:
552 2902 679 2952 occisis
697 2918 748 2950 non
765 2901 837 2950 modo
855 2919 868 2951 e
885 2900 997 2969 plebe,
1016 2901 1062 2952 sed
1076 2902 1196 2955 militibus
1216 2912 1240 2954 et
1259 2921 1321 2956 cen-

64 2975 172 3032 turione,
199 2971 333 3021 vulnerato
355 2969 454 3018 tribuno
474 2971 622 3036 praetoriae
646 2969 764 3020 cohortis.
784 2997 815 3006 -·
842 2970 1000 3035 prooeimi.
1029 2972 1073 3022 P:
1096 2973 1222 3038 proxime.
1251 2976 1276 3024 S.
1296 2971 1319 3037 3,

61 3041 104 3103 m,
124 3040 153 3089 7:
174 3041 232 3089 huic
246 3037 555 3106 proximistabant
576 3037 670 3088 Caenos
688 3046 711 3086 et
727 3036 872 3088 Perdiccas.
896 3036 934 3098 10,
951 3035 991 3100 20,
1013 3035 1052 3090 19.
1069 3037 1095 3100 8,
1108 3039 1132 3103 5,
1145 3037 1185 3093 40.
1204 3039 1229 3103 3,
1240 3039 1264 3101 7,
1281 3039 1319 3093 13.

63 3140 94 3145 -
115 3108 348 3158 obluctantem
367 3104 547 3155 obliuioni.
585 3108 669 3172 Vergl.
689 3104 713 3169 6,
735 3104 775 3168 23,
796 3105 844 3156 nt.-
861 3113 890 3155 ut
907 3113 963 3156 erat
982 3107 1086 3157 animi
1103 3126 1201 3178 semper
1222 3107 1319 3160 oblu—

63 3177 198 3227 ctantis
219 3172 505 3239 difficultatibus.

130 3267 154 3331 7,
173 3266 197 3330 2,
217 3266 258 3319 10.
293 3265 431 3315 Ablata.
463 3267 505 3315 F.:
527 3264 635 3314 sublato.
659 3292 687 3301 -
710 3264 892 3331 Amyntam.
923 3270 947 3317 S.
967 3263 990 3330 4,
1008 3265 1051 3328 118,
1070 3265 1110 3318 30.
1140 3266 1164 3331 5,
1185 3267 1211 3329 6,
1229 3266 1271 3321 40,
1296 3268 1318 3332 5,

62 3335 116 3397 7,3
146 3364 174 3372 -
195 3335 363 3384 Simmiam.
392 3335 515 3384 Simmias
533 3335 568 3384 ist
586 3333 1130 3394 wohlderseibeS.‚welcherdierdirc
1149 3337 1197 3388 des
1216 3340 1320 3402 Amyn—

62 3410 104 3455 tas
124 3404 325 3463 commendite,
351 3403 389 3451 als
408 3403 496 3452 dieser
520 3403 588 3452 nach
606 3402 779 3452 Macedonian
803 3401 839 3450 ad
860 3402 1047 3468 inquisitionem
1064 3418 1187 3454 navorum
1213 3403 1321 3455 militum

62 3472 198 3536 geschickt
215 3486 279 3520 war.
299 3498 326 3505 -
347 3469 537 3535 prafupera
548 3477 563 3519 t.
605 3468 675 3520 lber
692 3470 764 3519 nicht
781 3471 866 3520 allein.
899 3473 923 3520 S.
945 3467 971 3534 6,
987 3467 1028 3532 m,
1043 3468 1085 3520 20.
1109 3469 1133 3533 7,
1150 3468 1173 3534 6,
1195 3467 1219 3523 l.

131 3561 157 3620 7,
175 3559 199 3622 P,
223 3559 260 3610 13.
297 3561 447 3611 Secreto.
476 3561 518 3608 F.:
546 3559 575 3607 in
592 3566 697 3609 secreta.
736 3559 839 3608 Secreto
859 3561 944 3612 hoissi
964 3562 1146 3625 gewobnh'ch:
1166 3563 1319 3628 insgebeim,

62 3631 194 3689 heimiicb,
221 3629 248 3678 in
266 3635 376 3677 secreto:
409 3643 441 3677 nn
466 3628 554 3678 ciuem
571 3629 717 3690 gebeimen,
746 3626 925 3693 abgelegenen
945 3631 1000 3692 Ort,
1028 3631 1056 3678 in
1087 3630 1135 3681 der
1150 3630 1319 3696 Einsamkeit,

62 3700 172 3749 einsam.
209 3698 260 3746 Fn'r
284 3696 311 3744 ia
336 3703 432 3744 secreto
457 3696 537 3759 vergi.
557 3697 610 3744 mv.
630 3692 672 3757 26,
694 3693 733 3757 19,
752 3694 780 3746 5:
804 3695 953 3763 plerumque
976 3695 1044 3748 solus
1069 3697 1101 3747 in
1127 3706 1259 3748 secreto
1284 3695 1320 3749 ibi

62 3769 108 3828 tim
130 3766 245 3827 Tempel)
265 3771 360 3830 tempas
381 3769 482 3821 tereret,
510 3777 543 3812 an
562 3764 649 3812 ciuem
667 3765 811 3826 einsamen,
839 3765 1052 3828 abgesonderten
1073 3767 1121 3816 Ort
1148 3768 1184 3816 im
1201 3768 1317 3830 Tempel.

61 3836 122 3884 Wie
139 3833 191 3882 nub
208 3833 334 3882 indcsseo
356 3831 435 3882 beide
451 3830 632 3880 Rodenserten
649 3831 777 3882 einander
793 3832 919 3883 kommen
938 3835 1054 3894 konnen,
1083 3832 1196 3886 beweist
1214 3834 1320 3886 bason-

62 3901 175 3952 sonders
193 3902 264 3950 Curt.
285 3898 324 3959 10,
343 3895 369 3958 1,
386 3896 432 3949 29:
459 3913 516 3945 reus
538 3897 570 3944 in
589 3904 724 3946 secreto
750 3898 883 3966 apebatur,
904 3898 1006 3950 latentis
1017 3899 1135 4018 periculi
1157 3901 1269 3967 ipnarus.
1289 3929 1317 3938 —

62 3984 187 4019 cumea.
206 3969 244 4017 F.:
264 3967 400 4016 camiso.
421 3994 449 4002 -
471 3964 507 4013 de
524 3963 665 4014 Philota
688 3975 922 4030 quaereretur.
948 3969 991 4019 F.:
1037 3965 1132 4018 hilotas
1153 3975 1320 4036 torqueretur.

61 4032 312 4101 1613161130.
351 4031 465 4095 ,1,10.

129 4127 154 4187 7,
174 4125 200 4188 i,
220 4125 258 4176 m.
295 4125 320 4174 Ν
327 4141 367 4175 on
383 4124 458 4173 vice
475 4139 536 4172 sua
552 4125 587 4173 ist
605 4124 642 4173 ais
664 4123 801 4175 absolutor
813 4126 916 4177 Ablativ
935 4138 968 4177 zu
985 4129 1115 4181 nahmen:
1133 4128 1262 4180 wahrend
1279 4133 1320 4181 sie

62 4200 105 4248 die
120 4197 199 4246 Reihe
217 4196 291 4246 nicht
312 4193 371 4254 tras,
390 4205 484 4242 ausser
500 4191 548 4241 der
571 4191 658 4242 lieibc.
695 4193 783 4244 Daher
803 4197 875 4246 steht
892 4196 961 4246 auch
985 4197 1029 4248 die
1048 4200 1176 4262 Negabon
1201 4210 1267 4261 ganz
1285 4211 1318 4247 an

62 4267 133 4315 ihrer
151 4265 237 4324 Stelle,
254 4263 343 4313 tndem
362 4261 410 4310 der
428 4273 510 4324 gauzo
527 4258 626 4323 Begrili
642 4261 729 4323 negirt
745 4262 821 4313 wird.
841 4290 869 4300 -
889 4265 1048 4329 preuime.
1067 4267 1107 4316 P:
1123 4265 1243 4334 perimi.
1266 4265 1319 4317 Das

61 4333 155 4383 warde
176 4333 296 4383 baissen:
327 4344 360 4379 zu
380 4330 441 4378 den
456 4327 643 4391 Bewatineten‚
661 4328 761 4380 welche
778 4332 907 4382 aunachst
927 4331 1032 4394 tolgten.

130 4420 199 4484 7,2,
219 4420 259 4472 15.
293 4417 342 4468 Ad
365 4419 453 4468 baec.
493 4420 574 4469 Sonat
595 4417 631 4466 ad
657 4415 711 4468 bac.
745 4421 770 4468 S.
795 4416 819 4482 lt,
839 4418 939 4480 30,13.
968 4449 995 4460 -
1024 4421 1141 4473 scriba
1165 4423 1320 4490 equiturn.

61 4494 105 4541 Sic
125 4493 216 4541 hatten
236 4491 278 4539 die
296 4489 386 4539 Listen
404 4487 471 4537 tiber
489 4487 533 4537 dia
554 4487 679 4537 soldaten
702 4488 759 4538 und
777 4487 826 4539 das
842 4489 961 4540 Material
979 4504 1012 4540 zu
1035 4493 1137 4552 ltihren,
1161 4491 1229 4543 tiber
1247 4493 1321 4542 Aus-

60 4559 130 4623 gabe
149 4559 204 4609 und
224 4558 367 4609 Einnahme
384 4557 528 4619 Rechnung
545 4567 578 4606 zu
594 4555 699 4616 fabren,
719 4555 776 4606 und
794 4558 860 4607 ahnl.
880 4585 911 4599 η-
936 4558 1140 4612 amisissent
1161 4559 1201 4608 ῆι
1219 4559 1322 4609 anisia-

59 4634 204 4677 sentsnos.
243 4625 361 4678 ludere:
390 4623 585 4676 amisissent
609 4637 717 4696 equos.
740 4651 768 4662 ·-
791 4625 1018 4693 respondisse.
1055 4628 1323 4695 Heusingeremend.
