2820 4964
118 188 182 252 aas
586 189 627 268 Q.
649 190 788 253 cunru
810 189 906 253 nun

119 378 180 420 nou
194 358 245 439 qui
260 357 487 419 Samothracum
501 358 583 420 initia
596 359 735 435 viserent,
751 381 842 440 quum
855 359 957 421 Asiam
969 360 1017 422 nri
1028 359 1198 441 vastarique
1211 369 1379 441 oporteret,

119 456 173 517 sed
195 475 257 531 eos,
277 455 329 534 qui
348 455 554 532 'niagnitudine
574 476 674 517 rerum
694 457 784 526 ,iidem
803 458 1042 519 antecessissent.

200 554 253 615 lV.
291 547 318 590 ²⁷
326 552 408 612 llaec
432 559 462 613 et
485 552 530 613 his
550 552 657 614 similia
677 553 747 615 laeti
766 555 888 616 audiere
907 554 1047 627 iuvenes,
1068 551 1186 631 ingrata
1206 554 1379 618 senioribus

118 656 217 726 eraut,
248 648 375 710 maxime
398 656 524 728 propter
544 649 728 728 Philippum,
764 643 904 731 subque
932 650 1044 712 diutius
1072 649 1224 713 vixerant:
1248 646 1377 733 28quum

117 745 222 822 Clitus,
245 765 283 806 ue
305 744 370 823 ipse
393 746 512 825 quidem
533 745 604 807 satis
625 747 754 823 sobrius,
775 747 813 808 ad
838 767 900 825 eos,
925 748 977 829 qui
1000 747 1078 807 infra
1098 746 1198 825 ipsum
1219 749 1375 825 cubabant,

117 863 296 917 conversus,
325 842 477 921 Euripidis
498 842 611 903 rettulit
632 863 769 918 carmen,
797 844 837 905 ita
854 851 888 907 ut
907 864 1000 907 sonus
1022 843 1134 922 magis,
1164 863 1259 924 quam
1278 865 1374 907 sermo

25 935 30 950 '
116 939 250 1002 exaudiri
271 946 376 1018 posset
398 959 415 998 a
438 957 524 1016 rege,
554 933 651 1019 29qno
675 940 915 1018 significabatur,
941 941 1020 1002 male
1045 939 1211 1001 instituisse
1232 941 1373 1017 Graecos,

116 1038 197 1119 quod
211 1035 342 1115 tropaeis
357 1053 461 1110 regum
472 1034 625 1095 dumtaxat
636 1036 757 1096 nomina
776 1037 986 1099 inscriberent:
1009 1036 1108 1097 alieno
1130 1037 1209 1097 enim
1231 1037 1372 1116 sauguine

114 1140 229 1214 partam
248 1132 374 1210 gloriam
395 1129 541 1208 intercipi.
569 1131 671 1212 ltaque
691 1151 753 1206 rex,
776 1152 867 1212 quum
887 1134 1094 1213 suspicaretur
1112 1131 1276 1213 malignius
1297 1134 1372 1195 habi-

114 1238 177 1292 tum
200 1248 266 1291 esse
287 1248 469 1302 sermonem,
499 1227 671 1305 percontari
692 1227 848 1306 proximos
871 1230 987 1309 coepit,
1019 1230 1091 1311 quid
1113 1250 1150 1291 ex
1169 1230 1254 1293 Clito
1278 1232 1371 1293 audis

113 1334 188 1391 sent.
218 1322 296 1386 ³⁰Et
325 1324 384 1387 illis
411 1324 449 1384 ad
478 1321 625 1385 silendum
656 1324 826 1401 obstinatis,
854 1326 951 1389 Clitus
983 1327 1126 1407 paulatim
1154 1328 1272 1390 maiore
1299 1346 1371 1389 voce

112 1423 243 1504 Philippi
262 1429 328 1483 acta
342 1421 480 1502 bellaque
500 1421 531 1480 in
543 1419 671 1480 Graecia
693 1427 775 1499 gesta
796 1430 1018 1500 commemorat,
1041 1423 1142 1485 omnia
1161 1425 1370 1504 praesentibus

112 1523 293 1602 praeferens.
333 1513 439 1584 3Ἦὶιιο
459 1519 536 1578 int-er
561 1516 696 1579 iuniores
720 1538 866 1599 senesque
889 1527 955 1581 orta
982 1520 1136 1582 contentio
1159 1528 1223 1594 est3
1252 1530 1285 1583 et
1312 1541 1369 1596 rex,

47 1682 48 1687 ,
111 1620 195 1681 velut
215 1617 362 1698 patienter
383 1615 508 1689 audiret,
528 1612 595 1694 quis
614 1612 710 1676 Clitus
729 1616 885 1678 obterebat
902 1615 1008 1679 laudes
1030 1618 1103 1694 eius,
1126 1618 1280 1698 ingentem
1300 1618 1368 1679 iram

112 1720 302 1793 conceperat.
337 1706 513 1771 ³²Ceterum
544 1731 636 1790 quum
665 1711 765 1772 animo
795 1713 947 1775 videretur
974 1713 1191 1792 imperaturus,
1222 1714 1251 1775 si
1284 1715 1368 1775 finem

111 1812 282 1894 procaciter
303 1816 370 1870 orto
393 1807 524 1869 sermoni
546 1806 644 1868 Clitus
669 1807 844 1887 imponeret,
866 1810 939 1869 nihil
960 1830 1066 1871 eorum
1087 1812 1252 1888 omittente,
1277 1812 1367 1891 magis

111 1908 351 1990 exasperabatur.
389 1899 545 1982 3³lamque
569 1903 665 1965 Clitus
687 1906 775 1965 etiam
793 1906 1022 1967 Parmenionem
1042 1908 1206 1971 defendere
1232 1910 1366 1983 audebat,

111 2015 140 2069 et
160 2004 290 2084 Philippi
316 2003 353 2062 de
374 1999 607 2061 Atheniensibus
636 2000 793 2063 victoriam
820 2003 991 2064 Thebarum
1018 2005 1210 2083 praeferebat
1239 2007 1365 2081 excidio,

109 2123 170 2165 non
193 2102 264 2163 vino
286 2098 387 2173 modo,
409 2097 464 2158 sed
482 2097 570 2157 etiam
588 2097 678 2157 animi
696 2118 790 2178 prava
808 2099 998 2161 contentione
1016 2104 1190 2180 protectus.
1222 2096 1308 2163 “hd
1326 2103 1365 2163 nl-

108 2201 225 2274 timum,
247 2197 285 2258 Si
302 2193 511 2268 moriendum,
533 2193 641 2274 inquit,
667 2203 711 2256 est
727 2215 785 2274 pro
806 2203 847 2272 te,
875 2196 972 2259 Clitas
993 2204 1038 2258 est
1048 2201 1191 2278 primm:
1217 2208 1255 2261 at
1274 2219 1363 2280 quum

107 2296 254 2358 vintoniae
264 2290 429 2353 arbitrium
441 2286 517 2368 agis,
529 2292 735 2369 praecipuum
746 2294 870 2370 ferunt
879 2295 1066 2372 praemium,
1083 2297 1139 2374 qui
1150 2300 1364 2374 proruermt'me

102 2393 206 2473 patris
227 2393 277 2452 tui
296 2389 459 2449 raemoriae
488 2387 636 2448 illudunt.
670 2383 895 2468 ³⁵Sogillauam
925 2391 1080 2470 regionem
1106 2391 1187 2457 mibi
1212 2393 1363 2467 auriam,

108 2493 216 2551 tota'eus
236 2485 374 2548 rebellem
395 2493 428 2544 et
445 2504 509 2544 non
529 2484 617 2545 medo
647 2485 846 2561 indmnltam,
870 2486 924 2546 sed
946 2506 1024 2564 puae
1049 2507 1089 2547 ne
1112 2484 1217 2568 aaut
1245 2492 1362 2570 quidem

100 2589 206 2668 possit.
233 2587 349 2646 Mittor
361 2581 405 2642 ud
413 2580 510 2660 feras
530 2580 637 2642 bestias
655 2584 844 2660 praecipitia
862 2584 989 2662 lagenea
1007 2586 1140 2647 sortitas.
1175 2581 1278 2649 &Sed
1292 2608 1363 2669 puae

106 2685 150 2745 nd
170 2704 218 2743 me
229 2683 404 2761 pertinent,
434 2685 563 2739 transeo.
605 2678 746 2756 Philippi
768 2679 881 2738 milltes
906 2682 1039 2758 spermit,
1066 2679 1193 2757 oblitus,
1225 2685 1294 2745 nisi
1319 2684 1362 2744 bie

106 2779 272 2841 Attarrias
295 2797 386 2836 senece
414 2776 549 2833 iuniores
567 2793 711 2852 pugnam
738 2774 938 2835 detrectantes
965 2784 1146 2853 revocasset,
1176 2760 1284 2841 adbuc
1313 2799 1362 2841 nas

105 2880 189 2937 cirea
210 2875 467 2935 Halicarnassum
489 2871 632 2930 laesuros
645 2870 759 2950 fuisse.
797 2865 824 2909 ³⁷
835 2866 990 2942 Quomodo
1013 2874 1114 2950 rigitur
1133 2873 1242 2935 Asiam
1273 2878 1361 2937 etun

104 2993 174 3035 cram
195 2973 261 3032 istas
280 2967 453 3030 lecatoribus
467 2966 642 3029 subiecisti?
678 2968 787 3030 Verum
809 2973 860 3042 est,
880 2970 1053 3048 etapium,
1073 2970 1359 3047 quedauunaulurn
1404 2952 1406 3033 f

171 3173 197 3234 8,
216 3170 242 3233 li,
261 3169 304 3221 28.
345 3170 451 3230 (laum.
479 3172 518 3221 lt:
547 3179 605 3222 tum.
627 3198 656 3209 ·-
687 3169 711 3234 8,
730 3169 756 3232 i,
776 3170 815 3224 29.
850 3172 919 3234 Quo.
951 3173 1023 3222 Nuch
1042 3172 1281 3235 Euriphudrom.
1302 3170 1357 3225 634:
1403 3184 1406 3217 ÷

104 3240 182 3311 οἴμοι,
199 3236 258 3291 aab’
274 3234 378 3289 ‘illlata‘
401 3236 438 3294 ὡς
454 3241 543 3294 κακῶς
560 3237 703 3305 νομίζεταιῐ
730 3237 789 3290 ὅταν
816 3258 832 3291 τ
861 3245 964 3292 οπαῖα
984 3237 1116 3305 πολεμίων
1139 3240 1221 3311 στήσῃ
1247 3241 1358 3313 στρατὸς.
1404 3250 1406 3259 “

104 3309 134 3362 ob
150 3314 212 3360 τῶν
231 3303 439 3359 sorebarnae·
451 3303 559 3374 τοῦργον
577 3306 699 3375 ἡγοῦνται
716 3306 785 3371 τόδε,
805 3257 860 3360 ἀλλ’
882 3306 895 3359 b
916 3304 1104 3377 στρατηγὸς
1127 3305 1175 3426 rga
1195 3306 1305 3379 δόκησιν
1321 3309 1357 3360 ἅ.

102 3396 184 3440 νυται,
202 3375 229 3434 ὃς
249 3373 283 3431 εἷς
324 3367 355 3424 er'
378 3371 466 3424 ἄλλων
485 3372 582 3441 μυρίων
604 3371 712 3425 πάλλων
731 3375 761 3426 bd
777 3392 801 3435 n,
829 3375 904 3430 οὐδὲν
923 3373 1003 3427 πλέον
1021 3372 1089 3445 δρῶν
1108 3374 1173 3437 ,ivs
1201 3375 1257 3429 ta
1282 3326 1357 3429 releba

102 3446 188 3515 λόγον.
225 3392 398 3521 σεμνολδ’,ἐν
418 3440 509 3510 ἀρχαῖς
526 3439 618 3520 ἥμενοι
634 3441 701 3521 aar&
720 3392 818 3503 urben,
844 3448 967 3515 φρονοῦσι
986 3440 1070 3512 δήμου
1096 3442 1195 3510 μεῖζον,
1214 3393 1296 3505 beree
1321 3444 1357 3497 ob·

103 3514 181 3571 δένες.
203 3542 229 3550 -
250 3509 497 3562 inscriberent.
523 3511 563 3560 R:
580 3509 787 3563 anscmberentur.

168 3602 191 3666 8,
213 3600 238 3663 4,
256 3601 298 3653 30.
334 3599 572 3652 Adsilendum.
602 3602 642 3652 F.:
669 3601 855 3651 adsilentinns.
885 3604 910 3652 S.
929 3598 953 3663 4,
972 3598 1080 3663 28,th
1103 3601 1356 3655 videtisneabsti·

100 3680 214 3722 natam
232 3670 272 3719 arl
290 3667 489 3718 tacendum?
515 3671 567 3720 liv.
584 3667 610 3730 6,
628 3668 698 3731 3,9;
722 3669 902 3719 obstinati
928 3669 969 3720 nd
989 3668 1250 3721 decertandum.
1287 3674 1356 3724 noch

101 3745 137 3792 ist
156 3738 351 3791 dasSnbstant.
370 3737 437 3787 eben
456 3751 486 3788 so
506 3741 554 3800 gut
574 3738 700 3800 denkbar,
720 3741 771 3788 wie
790 3739 845 3788 Liv.
863 3735 987 3798 5,4t,1:
1008 3735 1187 3787 obstinato
1205 3739 1252 3789 nd
1268 3756 1356 3791 sear·

101 3818 160 3859 tem
178 3806 270 3858 anime.

166 3897 190 3962 8,
207 3894 230 3960 l,
248 3895 288 3948 31.
324 3895 478 3946 iuniores
500 3911 672 3962 senesque.
711 3897 744 3947 Es
761 3896 861 3946 konnte
886 3896 956 3946 nueh
985 3895 1148 3961 senioresque
1171 3902 1269 3963 gesagt
1294 3902 1355 3959 sein,

98 3971 149 4018 wie
168 3966 192 4030 5,
215 3965 239 4029 7,
259 3964 291 4028 53
308 3964 374 4015 aber
390 3967 415 4014 C.
439 3965 501 4014 hieit
518 3978 547 4014 es
566 3965 615 4015 mit
630 3965 714 4016 hecht
732 3964 773 4013 lttr
794 3964 918 4026 passend,
941 3964 989 4015 das
1003 3965 1075 4015 Alter
1095 3978 1147 4013 nau
1166 3965 1195 4015 in
1207 3966 1356 4031 Beziehung

99 4036 147 4085 aut
168 4038 210 4086 die
228 4035 309 4084 Einen
337 4034 375 4083 als
395 4033 653 4096 verhaltnissmassig
677 4030 839 4095 unzugeben.
877 4031 1037 4095 Umgelrehrt
1054 4029 1081 4092 8,
1102 4027 1127 4095 b,
1144 4028 1188 4084 nt.
1215 4060 1246 4072 -
1278 4035 1355 4085 sins.

99 4106 125 4152 S.
145 4118 178 4153 zu
195 4101 218 4164 3,
238 4100 282 4162 3⁸2,
296 4099 339 4152 21.

165 4189 236 4253 84,
255 4189 295 4242 33.
333 4189 449 4240 Animo
467 4189 709 4255 imperaturus.
746 4191 830 4254 Vorgl.
850 4187 875 4252 8,
897 4184 936 4253 16,
960 4187 1006 4240 nl:
1032 4189 1107 4257 repis,
1124 4190 1208 4243 naim
1227 4193 1282 4243 iana
1301 4210 1355 4245 cn-

95 4259 310 4326 piditatibns
329 4259 401 4307 suis
418 4257 634 4324 imperantis.
649 4286 680 4293 —
701 4256 791 4307 nihil
811 4274 922 4308 eorum
941 4258 1129 4309 omittente.
1151 4260 1179 4309 F.
1191 4263 1263 4315 nach
1276 4264 1354 4324 Cani:

96 4326 163 4376 nihil
176 4344 203 4377 eo
220 4327 371 4376 remittente.
388 4354 419 4362 —
438 4324 462 4385 8,
477 4323 501 4386 ln,
519 4323 559 4376 33.
578 4324 691 4375 Prnnn
708 4326 936 4384 contentione,
967 4326 1152 4377 Esmisebten
1169 4329 1228 4379 sich
1246 4332 1355 4381 unreine

96 4397 202 4457 Motive,
222 4397 319 4444 Motive
340 4395 388 4444 der
407 4394 591 4443 Leidenschalt
610 4395 708 4444 hinein.
746 4394 829 4457 Vergl.
847 4395 898 4444 Cic.
921 4395 955 4443 de
974 4396 1043 4446 orat.
1061 4393 1083 4456 1,
1105 4393 1148 4455 11,
1168 4390 1218 4447 47:
1239 4397 1355 4449 (irmar-

98 4458 142 4521 lcs,
161 4461 271 4512 homines
291 4461 526 4511 contentionis
545 4461 696 4528 cupidiores,
713 4477 788 4526 quam
810 4461 986 4510 ueritatis.

165 4548 189 4611 8,
204 4548 230 4610 l,
248 4548 290 4601 el.
311 4550 505 4601 Arbitrium
518 4579 545 4588 -
560 4551 640 4616 apis.
662 4554 687 4603 S.
705 4549 728 4614 b,
747 4551 771 4614 3,
792 4550 831 4603 19.
850 4580 879 4591 -
903 4551 928 4613 8,
946 4549 972 4614 b,
990 4550 1032 4606 ³5.
1055 4550 1283 4621 Praecipitia
1300 4558 1352 4607 is·

64 4698 67 4707 .
94 4616 203 4682 penta.
223 4620 248 4666 s.
264 4632 297 4668 au
317 4615 394 4679 6,33,
407 4617 448 4668 11.
469 4647 497 4657 -
520 4617 546 4680 8,
566 4617 592 4679 l,
610 4617 650 4670 37.
670 4618 791 4687 lpitnr.
813 4621 851 4671 F.:
873 4636 941 4687 erpo.
961 4649 992 4659 -
1012 4619 1224 4675 nonientana
1245 4625 1281 4677 Es
1302 4639 1354 4677 war
