2820 4964
102 188 167 253 308
569 185 607 265 Q.
641 184 782 246 curru
803 182 900 245 RUFl

106 357 158 418 bet
177 354 287 430 scalas,
305 354 573 434 cunctantibusque
596 354 704 417 ceteris
724 355 823 417 evadit
844 355 875 415 in
895 374 1022 416 murum.
1061 352 1200 433 Angusta
1218 354 1303 415 muri
1324 373 1372 416 co·

106 473 182 514 rona
202 459 280 513 erat:
310 469 372 512 nou
395 451 513 530 pinnae,
538 451 616 511 sicut
638 449 717 526 alibi,
737 451 973 530 fastigium=eius
993 449 1198 526 distinxerant,
1213 516 1216 520 ,
1229 450 1287 513 sed
1307 471 1372 530 per-

106 556 197 628 petua
218 548 313 609 lorica
335 548 466 608 obducta
487 548 642 608 transitum
665 555 809 626 sepserat.
858 543 990 629 ³¹ltaque
1016 566 1070 607 rex
1100 547 1246 609 haerebat
1270 548 1370 628 magia,

106 665 194 725 quam
217 645 315 705 stabat
333 644 364 704 in
386 643 527 722 margine,
550 643 648 722 clipeo
668 644 801 724 undique
822 643 984 706 incidentia
1006 642 1066 703 tela
1084 643 1285 722 propulsans:
1307 665 1371 705 nam

105 741 216 822 ubique
245 740 360 801 eminus
385 760 423 800 ex
455 739 588 800 turribus
615 739 782 816 petebatur.
833 735 934 800 ³2Nee
959 737 1060 800 subire
1086 740 1197 801 milites
1223 746 1370 819 poterant,

106 837 176 917 quia
200 855 332 915 superne
356 836 387 895 vi
411 836 540 897 telorum
564 833 776 895 obruebantur.
818 837 954 897 Tandem
982 836 1217 914 magnitudinem
1246 837 1370 916 periculi

105 934 206 1012 pudor
232 931 318 992 vicit:
346 933 461 1012 qnippe
487 929 657 1005 cernebant,
692 932 881 994 cunctatione
908 953 964 994 sua
991 932 1061 993 dedi
1091 933 1231 995 hostibus
1263 953 1368 1014 regem

105 1025 202 1091 ³³Sed
221 1027 389 1089 festinando
410 1027 602 1088 morabantur
625 1026 744 1089 auxilia.
788 1028 867 1088 Nam
889 1029 960 1089 dum
984 1048 1042 1107 pro
1063 1047 1096 1089 se
1124 1030 1257 1112 quisque
1281 1038 1369 1092 certat

107 1127 243 1199 evadere,
266 1143 431 1185 oneravere
453 1123 564 1196 scalas;
585 1122 652 1203 quis
675 1143 737 1184 non
758 1124 975 1187 sufficientibus
995 1124 1129 1186 devoluti
1148 1126 1272 1189 unicam
1289 1147 1368 1207 spem

106 1222 185 1300 regis
205 1219 384 1281 fefellerunt.
429 1219 534 1281 Stabat
554 1219 632 1280 enim
654 1219 684 1279 in
706 1227 872 1300 conspectu
892 1221 965 1282 tanti
985 1220 1134 1290 exercitus
1166 1222 1305 1284 velutin
1325 1243 1369 1284 so

72 1324 78 1335 “
105 1317 231 1379 titudine
251 1314 420 1379 destitutus.

189 1414 279 1476 XlX.
321 1405 494 1494 V³¹lamque
512 1412 636 1488 laevam,
660 1432 719 1493 qua
740 1414 869 1494 clipeum
887 1415 926 1476 ad
949 1414 1027 1475 ictus
1045 1410 1288 1492 circumferebat,
1317 1416 1369 1478 las

107 1517 232 1585 severat,
253 1509 449 1570 clamantibus
472 1509 586 1582 amicis,
605 1513 640 1567 ut
663 1508 702 1567 ad
724 1508 809 1587 ipsos
833 1510 981 1584 desiliret,
1000 1509 1178 1590 stabantque
1199 1514 1368 1593 excepturi;

109 1627 200 1688 quum
222 1605 273 1665 ille
289 1626 353 1666 rem
375 1624 467 1666 ausus
489 1610 537 1666 est
558 1603 764 1665 incredibilem
786 1612 875 1686 atque
896 1605 1058 1667 inauditam
1089 1606 1251 1688 multoque
1281 1628 1368 1688 magle

107 1703 147 1763 ad
176 1704 283 1763 lamam
313 1701 503 1777 temeritatis,
533 1721 622 1781 quam
648 1699 763 1779 gloriae
793 1702 947 1781 insignem.
1007 1696 1166 1783 ²Namque
1195 1704 1228 1765 iu
1268 1706 1369 1767 urbem

107 1799 237 1860 hostium
258 1798 379 1877 plenam
404 1798 562 1877 praecipiti
590 1798 667 1859 saltu
691 1798 853 1877 semetipse
884 1798 1019 1874 immisit,
1050 1818 1141 1879 quum
1169 1800 1222 1861 vix
1249 1820 1369 1881 sperare

107 1901 221 1975 posset,
244 1895 433 1956 dimicantem
452 1901 534 1954 certe
556 1900 586 1954 et
607 1912 669 1953 non
691 1894 818 1955 inultum
840 1913 908 1955 esse
929 1896 1123 1956 moriturum:
1155 1897 1275 1978 qnippe
1295 1906 1370 1961 ante·

108 2012 197 2072 qnam
222 1996 412 2070 assurgeret,
444 1988 575 2068 opprimi
594 1995 714 2068 poterat
736 1997 766 2051 et
785 1991 853 2070 capi
876 1990 970 2054 vivus.
1014 1987 1097 2052 ³Sed
1119 1993 1199 2055 forte
1222 1994 1267 2056 ita
1286 1995 1369 2056 libra-

109 2095 193 2149 verat
214 2108 336 2167 corpus
359 2092 392 2147 ut
413 2106 447 2147 sc
469 2086 595 2165 pedibus
614 2087 776 2166 exciperet.
809 2089 913 2168 ltaque
934 2095 1015 2149 stans
1036 2087 1092 2148 init
1111 2109 1264 2170 pugnam3
1286 2098 1369 2153 etue

111 2184 263 2245 circumiri
279 2188 392 2262 posset,
415 2185 535 2244 fortuna
558 2182 741 2261 providerat.
777 2177 926 2245 4Vetusta
945 2183 1038 2245 arbor
1055 2185 1134 2246 hand
1154 2188 1269 2266 procul
1288 2208 1368 2250 muro

108 2300 208 2341 ramos
222 2280 315 2340 multa
326 2279 577 2353 frondevestitos,
598 2278 680 2339 velut
691 2280 729 2339 de
746 2278 892 2342 industria
905 2299 1007 2359 regern
1028 2287 1234 2360 protegentes,
1256 2286 1369 2347 obiece

108 2383 169 2449 rat;
190 2376 279 2437 huius
302 2377 437 2455 spatioso
460 2374 553 2455 stipiti
574 2395 696 2454 corpus,
717 2395 755 2436 ne
777 2376 929 2438 circumiri
953 2383 1065 2456 posset,
1087 2378 1253 2459 applicuit,
1274 2383 1368 2462 clipeo

108 2473 176 2549 tela,
198 2493 275 2555 quae
294 2493 332 2532 ex
352 2475 480 2534 adverso
500 2472 720 2550 ingerebantur,
740 2473 903 2552 excipiens.
946 2469 1045 2535 ⁵Nam
1069 2496 1164 2556 quum
1185 2496 1369 2559 unumpro

107 2570 158 2630 cul
171 2576 216 2630 tot
238 2589 342 2628 manus
366 2573 510 2648 peterent,
534 2588 623 2629 nemo
645 2581 743 2629 tamen
763 2569 892 2631 audebat
914 2572 1041 2651 propius
1060 2574 1224 2645 accedere;
1241 2573 1368 2637 ¹missilia

108 2667 199 2728 ramis
221 2666 318 2746 plura,
340 2684 427 2744 quam
452 2662 551 2741 clipeo
572 2663 751 2726 incidebant.
797 2661 974 2745 6Pugnabat
997 2688 1056 2747 pro
1075 2688 1148 2749 rege
1171 2671 1305 2749 primum
1326 2692 1367 2732 ce-

106 2763 214 2825 lebrati
229 2760 361 2822 nominis
380 2761 467 2835 lama,
487 2759 594 2820 deinde
617 2761 797 2839 desperatio,
816 2783 957 2842 magnum
978 2766 1016 2827 ad
1037 2767 1162 2828 honeste
1180 2767 1367 2829 moriendum

109 2860 340 2921 incitamentum.
388 2852 474 2918 ⁷Sed
495 2875 586 2935 quum
610 2855 737 2916 subinde
755 2857 851 2919 hostis
872 2860 1022 2938 afflueret,
1048 2861 1107 2923 iam
1134 2863 1291 2943 ingentem
1315 2866 1366 2925 vim

108 2954 236 3016 telorum
257 2958 418 3031 exceperat
440 2952 557 3031 clipeo,
588 2952 645 3012 iam
665 2952 781 3032 galeam
802 2974 873 3016 saxa
895 2959 1114 3036 perfregerant,
1146 2958 1207 3019 iam
1227 2961 1366 3023 continuo

107 3050 213 3111 labore
234 3049 336 3127 gravia
358 3067 456 3126 genua
479 3048 676 3111 succiderant.
724 3044 851 3131 ⁸ltaque
879 3055 1072 3133 contemptim
1098 3060 1130 3116 et
1157 3055 1297 3133 incaute,
1323 3057 1367 3138 qui

109 3145 240 3225 proximi
258 3151 409 3220 steterant,
430 3144 635 3205 incurrerunt:
659 3146 797 3225 equibus
819 3148 896 3211 duos
917 3149 1017 3231 gladio
1036 3150 1077 3213 ita
1098 3152 1229 3232 excepit,
1251 3161 1365 3217 utente

183 3392 327 3458 9,18,90.
367 3392 502 3445 lorice.
535 3395 621 3447 chn
641 3398 684 3448 die
703 3414 799 3449 corona
820 3401 869 3452 der
893 3403 986 3452 Mauer
1012 3414 1061 3453 aus
1084 3402 1159 3453 einer
1174 3402 1367 3459 lnmlaulenden

112 3464 286 3516 Schutzwebr
302 3463 426 3524 bestand‚
444 3476 475 3513 so
491 3463 563 3515 hiess
581 3465 656 3514 diese
676 3465 775 3529 lortea3
804 3483 862 3519 war
889 3470 932 3520 die
959 3470 1131 3520 Schutzwebr
1155 3470 1367 3531 durcbbrochcn.

109 3547 140 3582 so
167 3533 231 3582 dass
258 3533 302 3582 die
325 3531 473 3582 Gescbosse
495 3531 581 3581 durch
601 3533 644 3582 die
663 3536 894 3587 Zwiscbcnra'nme
917 3538 1026 3588 leichter
1050 3538 1106 3587 trud
1123 3538 1247 3590 sicberer
1264 3556 1368 3606 gewor-

110 3599 153 3648 len
182 3599 291 3717 egerden
311 3600 435 3661 konnten,
459 3613 490 3650 so
510 3602 608 3650 nannte
627 3615 690 3651 man
709 3603 752 3653 die
773 3605 908 3655 einzelnen
925 3605 1159 3669 herrorragenden
1179 3608 1295 3671 Spitzcn
1310 3624 1369 3678 pee-

106 3681 189 3717 eaeo
210 3681 240 3717 er
261 3681 363 3731 paoem.

175 3755 200 3821 9,
223 3754 264 3817 18,
284 3754 326 3807 31.
364 3754 545 3807 Haerebat.
576 3758 629 3809 Das
649 3759 696 3809 hat
712 3774 764 3810 nur
784 3761 855 3823 Sinn,
875 3773 954 3811 wenn
971 3775 1033 3812 man
1053 3764 1190 3825 annimmt,
1215 3766 1285 3820 dass
1304 3771 1369 3820 Alex.

111 3826 160 3879 aul
186 3827 235 3878 der
257 3827 346 3890 spitze
361 3827 410 3876 der
428 3823 511 3874 brice
528 3827 621 3888 stand3
645 3827 715 3877 deon
731 3828 819 3877 binter
845 3827 986 3878 derselben
1010 3833 1114 3881 musste
1137 3832 1186 3881 aui
1211 3834 1264 3885 der
1289 3838 1370 3888 tirone

109 3898 159 3947 der
176 3896 267 3946 Macer
286 3894 355 3944 doch
374 3894 443 3943 noch
462 3906 492 3942 so
511 3894 562 3942 viel
576 3894 660 3944 Raum
680 3896 744 3957 sein,
767 3896 830 3946 dass
851 3896 908 3946 sich
927 3897 970 3947 die
988 3896 1171 3962 Vertbcidiger
1190 3902 1240 3953 mit
1260 3902 1371 3956 Freibeit

108 3965 164 4014 und
184 3963 333 4014 sicherbeit
352 3963 443 4011 hatten
463 3960 591 4024 bewegen
610 3963 724 4012 konnen.

177 4052 202 4115 9,
224 4051 265 4114 18,
284 4052 324 4105 39,
363 4050 490 4102 satire.
510 4053 582 4101 Nach
600 4052 657 4102 hrr.
675 4049 699 4115 6,
716 4049 743 4112 9,
763 4050 788 4104 3.
808 4049 831 4103 d.
850 4053 989 4118 bestiegen
1006 4055 1151 4107 Peucestes
1170 4058 1228 4108 und
1245 4061 1370 4113 Lacuna-

108 4128 153 4172 tus
173 4124 222 4172 mit
241 4123 302 4172 dem
319 4122 418 4183 llbnige
443 4119 561 4170 dieselbe
580 4120 667 4169 Leiter
684 4121 740 4170 und
765 4121 915 4171 erreichten
943 4123 987 4172 die
1006 4123 1095 4174 Krone
1115 4123 1164 4174 der
1183 4126 1297 4190 Manen
1322 4144 1370 4180 ru-

108 4190 193 4254 gleich
212 4189 259 4239 aul
277 4191 350 4239 einer
368 4188 469 4238 andern
488 4187 598 4237 Abrccs.
634 4186 706 4238 llber
723 4189 799 4239 mehr
819 4189 944 4239 Soldaten
963 4191 1080 4240 konnten
1102 4191 1157 4241 ihm
1175 4192 1220 4242 lttr
1238 4195 1296 4247 den
1315 4200 1369 4246 Au-

108 4257 230 4320 genblicli
249 4257 323 4307 nicht
348 4271 380 4305 zu
401 4255 476 4304 Hblle
496 4256 633 4305 hominen:
661 4257 732 4306 deun
755 4253 779 4306 ot
799 4252 954 4307 ὑπασπισταὶ
980 4254 1122 4327 ὑπέρφοβοι
1148 4257 1287 4328 peripsam
1311 4261 1369 4333 ὑπὲρ

108 4327 154 4374 τοῦ
173 4321 299 4391 βασιλέως
321 4320 418 4392 σπουδῇ
439 4317 585 4387 ὠθούμενοι
605 4321 672 4372 κατὰ
692 4323 739 4393 τὴν
759 4321 839 4394 αὑτὴν
857 4321 974 4392 κλίμακα
992 4324 1233 4396 συντρ1βουσιν
1253 4330 1369 4401 αὐτὴν.

177 4411 260 4473 9,19,
281 4412 304 4462 1.
345 4412 453 4462 Ausus
476 4419 533 4461 est.
562 4414 600 4462 F.:
629 4430 711 4464 ausus.
732 4442 760 4450 —
794 4413 1368 4487 adtamem-ploriaeiesigeen.

110 4484 133 4529 S.
150 4478 175 4540 1,
192 4479 234 4541 90,
254 4478 292 4529 19.
317 4508 344 4517 -
364 4478 388 4541 9,
408 4479 447 4543 19,
466 4479 489 4531 3.
507 4479 728 4534 Litracerat.
756 4484 830 4534 Ovid.
842 4485 947 4534 Metam.
961 4480 1045 4545 unul
1062 4496 1125 4534 vom
1144 4486 1278 4539 Dtdalus:
1296 4496 1368 4557 pest-

109 4562 185 4611 qauma
201 4563 290 4596 moetus
315 4546 406 4596 uitiata
431 4547 526 4615 coeptis
545 4547 669 4627 imposita
693 4557 737 4611 est,
764 4551 877 4616 pontons
905 4552 993 4619 opilea
1015 4549 1159 4602 libravit
1183 4554 1214 4603 in
1234 4552 1332 4607 alas!

107 4628 181 4664 suum
200 4628 298 4679 corpas,
319 4622 436 4680 motaque
447 4613 566 4682 pependit
583 4631 611 4665 oa
630 4632 704 4668 eure.
725 4646 752 4655 —
774 4617 912 4685 peditare
930 4618 1114 4686 exciperet.
1140 4618 1265 4689 92116,
1284 4622 1311 4689 ll,
1343 4620 1365 4679 l.
