2820 4964
52 152 62 159 “
123 200 130 211 -
216 135 1176 233 vnxxnra-laxxn.1a-ae.xx111.ar-aa.
1246 167 1320 233 -au

63 334 206 413 explendi
224 335 366 414 supplicii
387 335 496 397 adduci
520 355 575 397 eos
596 335 686 398 iubet
729 331 817 412 2lllli,
839 336 976 415 nranibus
998 355 1054 396 sua
1079 339 1189 413 sponte
1213 335 1320 414 religa-

63 431 110 505 tis,
142 451 160 491 a
180 431 383 509 participibus·
395 432 513 495 consilii
535 433 742 493 trahebantur:
770 451 847 512 quos
868 430 1081 493 Ressnstruci
1100 429 1185 491 vultu
1203 429 1320 491 intuens

62 529 228 607 consurgit,
256 527 392 589 manibus
423 549 484 589 non
514 532 742 607 temperaturus.
785 528 885 607 Atque
917 525 962 587 ilii
990 526 1179 589 simulatione
1209 525 1320 587 omissa

62 623 287 685 circumsistunt
314 643 382 683 eum
407 629 437 684 et
462 626 573 685 trustra
604 629 819 702 repugnantem
845 622 986 697 vinciunt,
1013 623 1132 701 direpto
1160 641 1197 682 ex
1223 621 1319 700 capite

61 720 147 797 regio
176 720 294 799 insigni,
319 715 509 800 lacerataque
533 726 633 794 veste,
653 741 741 799 quam
767 740 785 799 e
812 717 918 796 spoliis
946 717 1041 779 occisi
1066 717 1149 796 regis
1174 717 1317 779 induerat.

60 810 149 877 ²⁵llle
170 817 244 877 deos
261 817 308 876 sni
330 817 454 877 sceleris
477 816 592 879 ultores
613 817 719 877 adesse
741 817 906 888 confessus,
926 813 1043 890 adiecit,
1063 834 1125 875 non
1142 815 1245 885 Dareo
1264 813 1319 875 ini-

60 931 140 991 quos
162 912 263 983 luisse,
288 930 376 990 quem
398 911 685 985 nanciscerentur,
708 912 763 971 sed
783 909 957 971 Alexandro
979 910 1138 988 propitios,
1169 910 1256 971 cuius
1276 909 1318 971 vi-

59 1007 187 1068 ctoriam
206 1026 325 1084 semper
347 1011 434 1067 etiam
452 1008 548 1069 hostis
569 1007 738 1069 adiuvisset
772 1001 969 1067 ²⁶Multitudo
986 1025 1025 1067 au
1043 1005 1229 1067 vindicatura
1245 1006 1317 1066 Bes-

58 1122 127 1165 sum
139 1101 247 1186 ¹inerit,
265 1102 411 1163 incertum
429 1110 482 1178 est,
504 1103 562 1164 nisi
582 1103 634 1178 illi,
659 1102 710 1182 qni
730 1101 896 1175 vinxerant,
922 1101 1004 1163 iussu
1024 1101 1188 1163 Alexandri
1208 1101 1316 1163 fecisse

60 1199 145 1276 ipsos
175 1197 316 1272 ementiti,
350 1198 459 1260 dubios
484 1200 582 1261 adhuc
607 1198 697 1261 animi
724 1195 909 1257 terruissent.
951 1198 986 1257 ln
1012 1217 1121 1277 equum
1145 1195 1317 1274 impositum

58 1292 234 1354 Alexandro
255 1295 390 1355 tradituri
410 1295 531 1357 ducunt
1207 1330 1211 1335 ·
1254 1338 1285 1343 --

143 1390 258 1451 XXllL
285 1383 398 1451 ²⁷lnter
413 1391 487 1453 haec
508 1411 570 1465 rex,
591 1391 701 1471 quibus
721 1394 837 1449 matura
852 1394 916 1449 erat
928 1387 1041 1462 missio,
1062 1388 1165 1448 electis
1180 1387 1315 1449 DCCCC

60 1489 131 1559 lere,
157 1485 226 1545 bina
245 1486 355 1546 talenta
379 1487 471 1567 equiti
491 1487 581 1562 dedit,
603 1485 697 1565 pediti
720 1495 805 1543 terna
823 1483 977 1546 denarium
999 1482 1092 1543 milia:
1115 1482 1314 1561 monitusque,

59 1589 94 1642 nt
112 1581 223 1642 liberos
247 1588 434 1659 generarent,
459 1582 573 1643 remisit
594 1582 725 1641 donnum.
769 1577 884 1639 Ceteris
907 1578 1020 1656 gratiae
1052 1583 1146 1654 actae,
1174 1577 1255 1657 quod
1277 1578 1316 1639 ad

59 1676 175 1756 reliqua
200 1677 271 1738 belli
293 1686 456 1740 navaturos
479 1697 603 1756 operam
624 1675 852 1755 pollicebantur.
887 1667 1019 1756 ²8[Tum
1038 1676 1150 1735 Bessus
1176 1673 1315 1752 perduci-

60 1771 134 1854 tur.]
179 1774 357 1836 Perventum
383 1780 447 1835 erat
474 1773 503 1833 in
525 1772 684 1852 parvulum
707 1769 867 1849 oppidum:
893 1769 1078 1830 Branchidae
1104 1769 1168 1831 eius
1197 1768 1318 1830 incolae

24 1934 26 1941 ,
59 1873 151 1928 erant.
193 1869 296 1932 Mileto
319 1871 468 1951 quondam
491 1870 575 1932 iussu
596 1868 722 1943 Xerxis,
747 1887 840 1946 quum
861 1887 877 1927 e
900 1866 1028 1927 Graecia
1049 1865 1170 1941 rediret,
1191 1865 1314 1926 transie-

59 1969 126 2023 rant
143 1970 173 2023 et
192 1963 222 2023 iu
242 1985 277 2026 ea
299 1967 371 2028 sede
395 1967 598 2041 constiterant,
619 1964 688 2045 quia
707 1962 859 2042 templum,
888 1962 970 2042 quod
993 1961 1162 2041 Didymeon
1182 1960 1314 2041 appella-

58 2070 115 2134 tur,
135 2060 165 2119 in
186 2062 309 2137 gratiam
330 2063 445 2124 Xerxis
466 2063 657 2125 violaverant
688 2055 827 2121 2⁹M0res
850 2059 940 2137 patrii
958 2058 1093 2121 noudum
1113 2057 1312 2133 exoleverant,

57 2157 112 2217 sed
136 2155 194 2214 iam
214 2155 362 2234 bilingues
385 2165 477 2233 eraut,
507 2156 649 2235 paulatim
679 2177 697 2215 a
723 2155 888 2216 domestico
917 2160 1040 2215 externo
1067 2174 1206 2216 sermone
1225 2155 1314 2233 dege-

57 2268 156 2309 neres,
198 2250 308 2325 Magno
339 2250 431 2327 igitur
456 2251 565 2327 gaudio
595 2269 697 2327 regem
723 2248 885 2328 excipiunt,
909 2250 1015 2311 urbem
1041 2269 1133 2331 seque
1162 2250 1313 2313 dedentes.

56 2345 110 2406 llle
123 2343 268 2417 Milesios,
286 2345 337 2424 qui
359 2345 440 2423 apud
460 2344 558 2421 ipsum
573 2343 740 2420 militarent,
762 2344 925 2405 convocari
945 2344 1036 2406 iubet
1064 2339 1094 2382 ³⁰
1103 2349 1199 2407 Vetus
1211 2346 1314 2407 odium

55 2440 167 2503 Milesii
186 2439 329 2518 gerebant
350 2439 381 2498 in
390 2440 624 2500 Branchidarum
645 2447 764 2518 gentem
787 2439 968 2519 proditionis
986 2460 1069 2519 ergo.
1103 2441 1167 2516 His,
1187 2442 1250 2501 sive
1269 2440 1313 2501 iu-

58 2537 151 2598 iuriae
180 2537 244 2596 sive
273 2535 397 2613 originis
417 2534 585 2595 meminisse
605 2534 735 2609 mallent,
756 2535 885 2603 liberum
907 2536 944 2597 de
963 2536 1141 2597 Branchidis
1171 2534 1314 2616 permittit

56 2633 220 2706 arbitrium.
259 2626 299 2670 ⁴³¹
307 2630 498 2691 Variantibus
526 2630 632 2690 deinde
662 2630 824 2706 sententiis,
854 2650 888 2691 se
918 2630 1017 2711 ipsum
1047 2632 1313 2707 consideraturum,

57 2731 140 2809 qnod
166 2728 311 2806 optimum
332 2727 414 2787 factu
432 2732 520 2803 esset,
550 2726 690 2787 ostendit.
716 2727 858 2789 >Postero
884 2727 932 2787 die
954 2728 1191 2803 occurrentibus,
1211 2729 1312 2787 Bran-

57 2825 158 2886 chidas
177 2843 280 2884 secum
304 2821 473 2900 procedere
494 2823 585 2883 iubet
628 2824 788 2903 Quumque
807 2823 846 2882 ad
863 2823 969 2897 urbem
987 2830 1110 2899 ventum
1130 2830 1218 2899 esset,
1245 2823 1311 2903 ipse

57 2942 126 2981 cum
147 2919 286 2998 expedita
305 2937 393 2978 manu
415 2924 533 2995 portam
552 2917 650 2980 intrat.
686 2913 851 2977 ³²Phalanx
876 2917 995 2979 moenia
1024 2920 1129 2999 oppidi
1154 2919 1311 2980 circumire

56 3017 137 3077 iussa
159 3023 188 3076 et
207 3014 277 3074 dato
299 3013 386 3093 signo
410 3013 540 3092 diripere
560 3013 674 3087 urbem,
695 3012 885 3092 proditorum
907 3015 1141 3095 receptaculum,
1166 3017 1310 3095 ipsosque

55 3111 93 3171 ad
114 3131 206 3171 unum
225 3110 359 3170 caedere.
396 3104 479 3169 ³3llli
498 3109 626 3169 inermes
658 3109 769 3187 passim
790 3109 985 3189 trucidantur,
1012 3132 1068 3173 nec
1094 3117 1146 3175 aut
1167 3129 1312 3173 commer-

54 3206 104 3267 cio
131 3206 251 3284 linguae
290 3212 342 3266 aut
370 3204 539 3284 supplicum
566 3205 738 3267 velamentis
765 3205 965 3287 precibusque
990 3208 1116 3271 inhiberi
1150 3207 1310 3289 crudelitas

123 3410 147 3472 7,
166 3409 207 3473 Ἡ,
227 3409 267 3460 74.
304 3409 460 3478 direpto,
486 3412 560 3460 nicht
579 3412 618 3461 als
639 3417 711 3461 ware
736 3412 780 3463 die
799 3415 878 3463 Tiara
897 3415 1030 3464 zarrissen
1047 3415 1166 3477 worden,
1191 3415 1310 3465 scudem

55 3479 271 3611 pinezvpp'prllmvom
286 3479 370 3541 Kopie
390 3480 517 3542 gerissen.
536 3505 566 3514 —-
595 3478 696 3575 regio.
731 3480 803 3529 Nach
822 3481 904 3542 Conj.;
923 3482 965 3530 F.:
986 3480 1067 3546 regni.
1090 3509 1120 3518 -
1145 3478 1307 3548 capeliis.

123 3635 149 3696 7,
169 3634 210 3697 23,
227 3632 270 3685 28.
305 3634 378 3683 Tum
402 3633 525 3683 Bessus
575 3634 762 3684 erdacitnr.
796 3638 845 3686 Die
873 3638 966 3687 Worte
986 3639 1048 3689 sind
1075 3641 1159 3691 sehon
1180 3639 1240 3689 truh
1266 3639 1306 3688 tur

55 3705 154 3755 unecht
171 3704 284 3780 erklart,
302 3704 362 3752 weil
380 3703 420 3751 sie
436 3716 521 3780 gagen
557 3699 618 3764 ‚dh
632 3698 670 3781 Ι36
688 3704 820 3781 sprechen
841 3705 896 3755 und
919 3705 979 3755 hier
999 3706 1149 3771 uberhaupt
1168 3707 1242 3758 nicht
1264 3719 1308 3785 aga

54 3773 165 3822 rechten
182 3772 244 3820 Orte
264 3770 333 3829 smd,
361 3783 404 3819 wo
424 3783 453 3818 es
471 3770 529 3819 sich
549 3782 595 3819 um
612 3768 656 3819 dre
674 3770 847 3835 Schrlderuog
865 3772 913 3821 der
930 3774 1212 3838 Zwiscbenereignisse
1234 3774 1308 3823 han—

54 3840 117 3890 delt.
138 3866 166 3874 -
187 3835 314 3885 Mileto.
352 3837 405 3885 Das
424 3837 518 3885 Orakel
542 3837 591 3886 der
611 3837 777 3887 branchiden
804 3840 845 3902 lag
870 3853 914 3889 am
931 3840 1096 3905 Vorgehirge
1117 3842 1243 3893 Posidion
1273 3836 1308 3891 20

54 3907 165 3957 Studien
185 3918 248 3953 vom
266 3904 334 3963 Uter,
356 3901 405 3952 180
423 3917 477 3953 von
495 3904 565 3953 Miiet
587 3904 703 3953 entiernt
731 3931 759 3940 -
790 3904 987 3971 Didymeon.
1021 3909 1112 3972 Apollo
1138 3909 1210 3959 biess
1236 3879 1307 3957 Ᾰιδυ-

54 3978 132 4039 ματος
148 3973 214 4022 oder
230 3965 356 4037 Διδυμεὺς
384 3971 422 4021 als
443 3970 675 4033 Zwiilingsbruder
699 3972 747 4022 der
765 3973 856 4024 Diana.
891 3974 980 4025 Dabar
1003 3975 1052 4026 der
1070 3976 1178 4090 Tempe!
1202 3974 1309 4025 dessel-

53 4043 107 4092 ben
127 4034 307 4105 Διδυμεῖον,
327 4039 378 4088 wie
391 4033 557 4106 Ἡφαιστεῖον
577 4040 632 4088 und
652 4039 719 4088 abnl.
741 4068 770 4076 -
791 4041 825 4089 in
841 4041 1003 4107 qratiam.
1030 4044 1056 4092 S.
1075 4056 1109 4092 zu
1146 4038 1215 4103 μθ,
1236 4039 1274 4093 15.

122 4128 149 4190 7,
168 4127 209 4191 23,
231 4126 271 4179 29.
294 4127 463 4181 Externa.
481 4125 519 4176 ra
539 4134 699 4194 externoque.
723 4130 860 4182 Vielleioht
875 4130 1120 4200 hiessespanlann
1137 4149 1155 4182 a
1173 4132 1308 4183 domestico

54 4197 472 4247 externnminsermcnem
493 4193 631 4260 degeneres.
670 4196 922 4261 Vergr.9,12‚10:
948 4201 984 4250 in
1012 4207 1189 4251 externum
1212 4201 1302 4267 ‹lege-
1347 4250 1355 4265 ,

53 4265 243 4314 neronianus
263 4261 394 4312 cnltnm.
416 4259 502 4325 8,19,
525 4259 571 4313 id:
598 4263 652 4329 ipae
673 4267 875 4332 peteret,nein
898 4269 1100 4336 peregrinor
1125 4275 1309 4320 externea-

54 4349 114 4399 que
130 4333 222 4381 ritas
239 4331 454 4396 degenerare
473 4345 500 4378 ac
516 4347 626 4398 cogeres.

123 4420 149 4484 7,
164 4420 256 4486 23,80.
275 4420 406 4471 Gentem
422 4420 639 4487 proditionis
660 4439 744 4490 erpo.
762 4422 825 4473 His.
843 4425 936 4477 Bisher
949 4432 1054 4493 gentem.
1076 4425 1188 4477 Proditis
1201 4444 1306 4494 ergo—.

53 4494 108 4541 Der
120 4491 180 4540 Satz
200 4504 253 4541 von
269 4497 340 4538 aetna
357 4489 400 4539 his
419 4503 479 4556 erpo
495 4493 532 4543 ist
549 4492 587 4542 ets
606 4492 766 4543 Parenthese
779 4506 811 4542 zu
828 4492 993 4545 batrachten.
1005 4522 1035 4530 -
1056 4490 1082 4554 7,
1100 4492 1144 4554 73,
1162 4493 1204 4546 33.
1224 4495 1307 4562 Sup-

52 4555 188 4625 plicem.
226 4560 251 4608 S.
281 4552 627 4621 niv.nl,30,1l:ran0s
647 4557 746 4610 olene
766 4575 803 4611 nc
821 4560 1010 4615 velamenta
1025 4560 1103 4615 alic
1118 4562 1310 4631 supplicum
