2820 4964
102 182 165 248 (11
570 184 611 264 o.
629 182 770 245 cuarn
793 182 890 245 uun

103 370 262 414 causarum
281 352 434 415 latentium
447 372 484 414 ex
507 354 602 415 multo
620 360 688 415 ante
710 353 926 414 destinatarum
946 370 1033 412 suum
1054 366 1205 429 quemque
1228 338 1364 411 ordinem

103 449 278 510 immutabili
300 449 367 529 lege
392 469 580 530 percurrere.
620 445 875 512 111)(111111111
903 445 1075 527 respondit,
1102 464 1285 527 quamquam
1311 447 1364 508 sibi

104 564 282 626 graecorum
302 546 428 607 militum
448 547 524 608 tides
542 554 613 609 nota
634 546 689 624 sit,
721 566 874 627 nunquam
903 552 1003 607 tamen
1029 564 1047 604 a
1074 542 1276 624 popularibus
1305 543 1364 605 suis

104 662 303 704 recessurum.
347 644 508 705 Difficilius
527 644 584 705 sibi
605 662 672 705 esse
690 643 847 719 damnare,
866 662 955 725 quam
978 640 1085 719 decipi
1129 639 1284 721 Quicquid
1304 642 1363 703 lors

104 738 231 815 tulisset,
250 740 328 801 inter
341 758 415 801 suos
430 740 547 819 perpeti
567 740 664 815 malle,
686 760 775 821 quam
793 741 979 818 transfugam
996 736 1071 799 lieri.
1100 737 1143 799 Se
1164 735 1269 815 perire
1289 756 1362 813 sero,

105 836 132 898 si
153 836 269 898 salvum
291 854 358 897 esse
380 835 489 896 milites
508 836 555 897 sui
575 835 698 897 nollent.
738 830 890 913 ¹²Patron,
913 836 1072 914 desperata
1091 832 1175 912 regis
1194 833 1306 911 salute,
1328 834 1361 895 ad

105 952 171 1013 eos,
193 934 302 1015 quibus
326 938 473 1012 praeerat,
493 932 589 1009 rediit,
612 932 712 994 omnia
735 952 792 1012 pro
815 932 876 992 lide
898 930 1030 1011 experiri
1049 935 1181 1009 paratus

190 1029 326 1090 XXXll.
370 1024 427 1073 ¹¹¹³
440 1029 480 1090 At
500 1031 612 1090 Bessus
635 1029 792 1090 occidendi
813 1028 951 1108 protinus
972 1028 1053 1107 regis
1074 1027 1223 1106 impetum
1240 1032 1359 1107 ceperat

105 1126 168 1188 Sed
179 1125 301 1200 veritus,
323 1145 361 1186 ne
383 1126 507 1205 gratiam
520 1124 693 1201 Alexandri,
714 1125 772 1186 nisi
794 1125 894 1186 vivum
914 1145 984 1186 eum
1004 1124 1188 1200 tradidisset,
1210 1123 1290 1185 inire
1308 1144 1361 1186 non
1406 1130 1408 1135 '

105 1225 226 1301 posset,
249 1220 341 1281 dilato
360 1221 391 1282 in
412 1223 579 1302 proximam
600 1228 721 1283 noctem
743 1221 866 1283 sceleris
883 1222 1028 1298 consilio,
1050 1240 1142 1300 egere
1164 1218 1280 1299 grades
1298 1221 1361 1282 inci-
1405 1268 1408 1283 .

106 1317 166 1397 pit,
194 1316 278 1399 quod
298 1319 407 1396 perlidi
426 1318 554 1381 bominis
575 1317 716 1394 insidias,
738 1319 796 1379 iam
817 1318 982 1379 Alexandri
1000 1336 1076 1398 opes
1090 1316 1273 1397 spectantis,
1301 1336 1362 1399 pru

107 1415 214 1476 denter
233 1422 381 1497 cauteque
398 1415 528 1477 vitasset.
571 1416 693 1476 Donum
713 1435 782 1476 eum
800 1415 881 1477 hosti
899 1415 1029 1477 laturum
1053 1414 1148 1476 inisse
1169 1414 1253 1494 regis
1274 1421 1362 1494 capnt

106 1507 192 1573 ²Nec
209 1510 329 1587 mirari,
356 1512 507 1573 bominem
531 1512 670 1573 mercede
690 1513 872 1574 conductum
891 1511 991 1593 omnia
1010 1512 1122 1573 hebere
1140 1511 1279 1573 venalia:
1309 1512 1363 1573 sine

106 1608 242 1689 pignore,
261 1607 326 1669 sine
346 1607 418 1683 lare,
442 1615 590 1670 terrarum
609 1608 691 1670 orbis
712 1608 846 1685 exulem,
867 1593 1028 1688 ancipitem
1051 1610 1187 1685 bostem,
1205 1609 1248 1669 ad
1269 1616 1365 1671 nutum

22 1760 25 1771 .
65 1756 68 1761 .
106 1704 261 1766 licentium
282 1704 479 1768 circumferri.
523 1699 688 1784 ³Purganti
708 1704 817 1765 deinde
836 1725 878 1781 se,
898 1705 1033 1786 deosque
1055 1705 1171 1785 patrios
1193 1708 1290 1768 testes
1304 1706 1367 1767 fidei

108 1820 181 1863 suae
202 1800 354 1863 invocanti
375 1804 495 1864 Dareus
515 1801 601 1863 vultu
623 1801 856 1878 assentiebatur,
879 1801 959 1862 baud
983 1800 1106 1877 dubius,
1135 1801 1210 1882 quin
1229 1820 1306 1863 vera
1324 1804 1367 1864 de-

108 1899 260 1960 ferrentur
280 1918 298 1959 a
318 1898 458 1972 Graecis;
486 1898 541 1960 sed
568 1916 728 1958 coretum
758 1904 879 1959 ventum
906 1902 986 1973 erat,
1014 1904 1050 1959 ut
1078 1904 1138 1958 tam
1164 1894 1369 1978 periculosum

109 2002 197 2072 esset,
220 1995 427 2057 concredere
448 1995 525 2072 suis,
548 2014 636 2075 quam
660 1994 766 2074 decipi.
811 1989 934 2055 4ΧΧΧ
954 1993 1036 2055 milia
1060 1999 1161 2072 erant,
1182 2013 1317 2077 quorum
1332 1997 1370 2058 in

108 2090 219 2154 clinata
238 2094 269 2153 in
291 2091 392 2153 scelus
413 2091 519 2153 levitas
540 2091 712 2152 timebatur:
736 2091 779 2152 lV
800 2090 882 2152 milia
901 2092 1014 2152 Patron
1035 2091 1181 2165 habebat;
1211 2092 1325 2173 quibus
1348 2093 1371 2155 si

110 2190 287 2250 credidisset
308 2187 434 2249 salutem
455 2208 556 2264 suam,
585 2188 722 2248 damnata
739 2187 934 2267 popularium
953 2187 1028 2263 tide,
1054 2188 1218 2266 parricidio
1252 2211 1373 2255 excusa-

109 2283 221 2346 tionem
231 2285 351 2346 videbat
360 2284 469 2346 offerri.
513 2280 636 2365 5ltaque
656 2285 855 2363 praeoptabat
877 2283 1033 2359 immerito,
1059 2304 1148 2365 quam
1171 2284 1241 2349 iure
1261 2288 1372 2351 violari.

109 2381 205 2445 besso
217 2393 316 2445 tamen
334 2380 510 2443 insidiarum
531 2380 689 2441 consilium
707 2380 847 2460 purganti
871 2379 1036 2460 respondit,
1049 2379 1215 2443 Alexandri
1234 2384 1296 2447 sibi
1316 2405 1374 2446 non

109 2476 207 2539 minus
228 2477 378 2554 iustitiam,
403 2496 491 2558 quam
514 2476 662 2552 virtutem,
683 2495 750 2537 esse
771 2482 971 2557 perspectam.
1013 2476 1093 2538 Falli
1112 2497 1176 2556 eos,
1199 2480 1255 2561 qui
1276 2482 1374 2563 prodi-

110 2631 153 2677 ter
172 2626 234 2677 dem
252 2627 357 2679 Drucko
375 2627 527 2687 desselben,
548 2630 573 2677 in
591 2590 815 2692 Ueberwindungl
823 2586 872 2679 der
891 2598 1132 2693 bchwierigkeiten,
1147 2630 1197 2687 dle
1214 2644 1247 2683 es
1265 2603 1374 2685 darbia-

110 2696 206 2814 bildt-
227 2711 265 2744 ec
282 2694 388 2745 multo
409 2702 498 2745 aute.
517 2696 557 2746 F.:
584 2701 608 2744 et
622 2693 702 2743 multo
721 2702 789 2744 ante.
829 2696 909 2749 Jenes
929 2698 965 2747 ist
985 2698 1054 2749 nauh
1072 2694 1195 2764 ἔκπαλαι,
1214 2696 1309 2754 ἔκτοτε
1327 2715 1374 2766 ge—

167 2776 201 2814 e.

179 2851 203 2915 5,
222 2850 265 2914 31,
285 2853 323 2904 11.
360 2853 562 2921 Respondit.
597 2855 625 2903 ln
644 2854 693 2904 der
711 2854 833 2905 Antwort
850 2855 952 2904 kommt
971 2856 1013 2905 ein
1033 2814 1210 2921 llauptpunkt
1234 2861 1315 2912 nicht
1332 2875 1375 2911 zur

110 2922 236 2984 Sprache,
257 2923 307 2973 der
321 2923 419 2985 jedocb
437 2921 460 2984 5,
478 2919 519 2984 31,
537 2917 555 2970 1
573 2921 686 2973 berdhrt
704 2924 746 2975 ist.
780 2924 873 2973 Siober
890 2924 955 2974 lasst
975 2925 1002 2974 C.
1023 2926 1073 2975 mit
1092 2925 1190 2978 telnem
1212 2928 1311 2980 (1111111
1326 2930 1374 2980 dea

110 2989 206 3039 Darius
226 2990 288 3040 dem
305 2990 330 3039 P.
353 2990 507 3054 gegenttber
524 2991 636 3041 biervon
655 2991 813 3055 schweigen.

179 3077 202 3141 5,
224 3077 265 3140 31,
287 3078 311 3129 1.
350 3078 501 3144 Ceperat.
524 3080 567 3131 R:
585 3087 743 3147 conceperat.
781 3082 868 3133 Ueber
884 3083 1004 3149 impetum
1021 3098 1114 3151 capere
1129 3097 1152 3137 s.
1171 3084 1229 3138 btv.
1249 3083 1276 3151 2,
1288 3084 1332 3150 65,
1343 3084 1372 3137 5:

112 3144 225 3194 11111111
235 3153 367 3205 renovato,
390 3152 544 3195 commovent
560 3148 659 3196 aciem:
679 3155 731 3197 tum
749 3164 845 3211 111111,
864 3150 992 3216 impetu
1012 3157 1130 3217 capto,
1148 3151 1285 3203 enituntur
1304 3162 1375 3220 atqu

111 3219 267 3278 exsuperant
290 3213 452 3278 iniquitatem
479 3211 536 3263 loci.
573 3216 682 3264 sueton.
700 3216 777 3279 Calig.
801 3214 851 3268 43:
882 3217 1025 3268 admonitus
1052 3219 1083 3267 de
1106 3217 1249 3286 supplendo
1275 3236 1373 3273 1111111111

111 3280 278 3341 Batavorum,
298 3295 360 3347 quoe
379 3281 452 3330 circa
470 3296 497 3329 se
514 3279 629 3343 babebat,
649 3283 887 3349 expeditionis
905 3287 1126 3351 permanicae
1142 3286 1306 3354 impetum
1323 3305 1373 3340 ee-

109 3349 176 3415 pit:
193 3364 240 3399 nec
261 3347 410 3399 distulit.
448 3349 485 3399 ld.
504 3350 567 3412 Aug.
587 3346 633 3399 Ab:
653 3350 811 3417 impeturn
828 3370 863 3403 se
883 3354 1012 3421 cepisse
1029 3354 1243 3418 tamentationes
1261 3357 1373 3425 publicat

111 3417 140 3466 in
157 3424 306 3484 perpetuum
320 3415 491 3466 abolendi.
532 3418 614 3467 Allein
633 3419 821 3486 concipere
837 3422 957 3488 impetunt
973 3423 1044 3473 kann
1062 3424 1151 3474 sicher
1167 3423 1240 3475 eben
1259 3438 1294 3478 so
1312 3424 1373 3477 wohl

112 3490 205 3549 gesagt
224 3487 341 3548 werden,
360 3486 398 3537 als
418 3483 551 3550 concipere
567 3485 641 3549 iram,
662 3485 753 3548 111111,
773 3489 906 3556 ltapittuas.

181 3573 205 3637 5,
224 3573 265 3639 31,
286 3575 309 3627 1.
345 3575 600 3643 Sinepipnose,
625 3578 697 3627 stne
727 3576 817 3641 lare,
840 3582 938 3631 dessen
966 3587 1076 3633 iussere
1095 3581 1374 3635 tebensverhuttnisse

112 3644 191 3694 keine
216 3644 373 3708 Burgsohatt
399 3645 441 3694 tttr
469 3645 512 3695 die
532 3646 755 3711 Zuverta'ssigkeit
780 3650 869 3700 seiner
890 3651 1043 3713 Gesinnung
1069 3648 1162 3715 geben.
1184 3675 1216 3687 —
1249 3648 1275 3715 5,
1295 3649 1336 3715 31,
1352 3646 1373 3699 3.

112 3710 180 3760 Pur
209 3712 292 3762 anti.
327 3713 443 3763 Andere:
471 3713 595 3778 arpnenti.
622 3741 655 3749 —-
683 3715 946 3767 assentiebatur.
977 3716 1020 3766 u:
1049 3714 1212 3768 assentiebat.
1253 3720 1281 3770 S.
1306 3734 1339 3770 zu
1354 3713 1373 3779 1,

112 3776 156 3840 47,
176 3727 201 3830 'l
237 3781 319 3831 Sonst
327 3795 347 3831 s.
357 3777 383 3841 8,
404 3777 444 3839 16,
461 3778 508 3831 30:
523 3787 584 3848 post
598 3780 660 3832 Cliti
679 3782 781 3834 caedere
800 3782 918 3835 libertate
935 3783 1047 3849 anablata,
1067 3783 1184 3847 cultu,
1205 3785 1251 3852 qui
1270 3787 1375 3838 nanae

113 3847 199 3912 tenuit,
215 3847 505 3900 assentiebantur.

180 3939 204 4004 5,
223 3937 265 4002 31,
283 3939 307 3992 5.
343 3939 724 4008 Praecptabat-quarn.
757 3945 782 3994 S.
801 3946 893 3995 lustin.
914 3942 954 4006 11,
975 3940 1014 4006 14,
1037 3942 1064 3993 1:
1083 3942 1178 3994 Persae
1193 3946 1264 3997 mosi
1284 3959 1373 4014 quau

112 4010 181 4059 cinei
203 4007 400 4076 praeoptabant.
422 4037 450 4046 -
485 4008 671 4060 consilium
697 4013 880 4078 purpanti,
912 4014 964 4063 wie
984 4008 1068 4075 7,11,
1088 4009 1134 4063 39:
1165 4010 1213 4062 ille
1235 4014 1374 4079 facinus

111 4092 254 4143 purpure
273 4093 325 4127 non
345 4093 427 4128 ausus.
464 4079 517 4127 liv.
535 4075 559 4141 8,
579 4075 621 4139 13,
641 4076 668 4129 A:
694 4095 774 4145 neque
791 4096 818 4129 eo
837 4077 1005 4146 naplipentius
1022 4095 1074 4143 ea,
1094 4094 1182 4146 quac
1207 4080 1301 4149 ipsis
1322 4080 1374 4131 ob-

113 4145 329 4207 iicerentur,
347 4144 554 4212 purpabant.
588 4149 661 4198 Aucb
679 4149 805 4199 mildam
822 4150 964 4200 Accusattv
983 4148 1031 4199 des
1054 4148 1171 4212 Objeltts,
1189 4152 1310 4203 welches
1331 4162 1376 4215 ge-

113 4214 209 4276 reinigt
229 4213 383 4278 dargestellt
400 4214 477 4276 wird,
505 4227 526 4264 z.
548 4213 691 4276 111119,
712 4212 755 4276 16,
776 4215 820 4266 17:
853 4214 917 4266 adeo
934 4216 1020 4265 omnia
1043 4216 1149 4276 tutiora,
1176 4232 1258 4283 quana
1280 4218 1375 4269 utin-

113 4281 306 4330 nocentiam
327 4297 417 4331 suam
467 4289 651 4346 arparent,
674 4283 738 4332 aisa.
770 4285 817 4333 Um
844 4285 893 4335 dus
915 4284 1096 4348 gewobnticbe
1122 4298 1149 4333 11
1166 4300 1285 4352 purpure
1309 4286 1376 4337 nient

114 4349 303 4425 zu'erwahnen
330 4351 359 4408 (s.
380 4348 404 4411 5,
423 4298 464 4410 bb,
486 4348 524 4398 11.
543 4346 583 4410 31,
602 4346 626 4399 3.
643 4347 667 4410 7,
685 4348 708 4413 5,
726 4348 766 4400 31.
786 4349 810 4413 8,
833 4351 872 4415 11,
889 4352 923 4416 7),
948 4366 979 4403 so
1005 4353 1097 4403 lebren
1117 4352 1162 4403 dic
1180 4354 1345 4421 blanniglaltt
1361 4377 1377 4388 -

114 4414 170 4463 lert
189 4416 237 4464 der
254 4416 437 4479 Beziebungen
454 4418 481 4466 in
502 4417 550 4466 der
567 4418 742 4482 Anwendung
762 4419 809 4469 des
830 4420 964 4472 Verbums
983 4420 1132 4472 besonders
1150 4422 1206 4471 Liv.
1224 4417 1268 4485 ta,
1291 4418 1331 4483 11,
1346 4366 1377 4471 b:

116 4477 267 4530 laborares
298 4498 345 4542 ean,
366 4491 402 4533 nt
421 4484 606 4550 purganti,
629 4485 766 4535 cenibil
788 4484 991 4539 bostiledicisse
1009 4495 1055 4538 ant
1072 4487 1172 4555 seciam,
1199 4489 1265 4555 fides
1284 4488 1377 4541 tabee

115 4553 174 4608 tur,·
201 4545 243 4607 11,
264 4549 276 4598 1
297 4590 302 4611 ,
320 4549 349 4600 8;
374 4559 566 4601 emerant-a
583 4566 642 4616 rape
659 4559 783 4615 oratores,
803 4555 847 4621 qui
869 4563 1077 4623 purgarent,
1103 4570 1163 4607 nec
1181 4558 1282 4611 accitas
1302 4556 1337 4610 ab
1352 4570 1376 4606 11

117 4614 266 4675 Bastarnas,
286 4631 347 4666 nec
364 4624 472 4667 anctore
488 4634 516 4667 eo
537 4618 674 4685 1111111111
691 4620 784 4683 facere.
