2820 4964
103 176 168 240 aso
567 179 609 260 Q.
638 178 779 242 cunrn
800 180 899 243 nuri

104 347 215 427 ingenii
233 347 341 422 solum,
368 346 422 407 sed
447 347 535 407 etiam
558 349 690 411 nationis
713 348 787 410 vitio
808 349 955 424 adulator,
978 356 1009 410 et
1036 356 1139 412 cetera
1159 352 1282 413 urbium
1304 374 1371 415 sua-

104 465 170 506 rum
191 448 392 523 purgamenta,
414 462 490 521 quac
515 446 695 525 propinquis
717 445 806 506 etiam
826 445 1083 525 maximorumque
1105 449 1295 511 exercituum
1318 452 1373 512 du-

104 542 188 603 cibus
211 562 229 601 a
250 560 322 619 rege
340 541 594 618 praeferebantur.
631 542 670 601 lli
688 549 753 603 tum
772 543 894 603 coelum
916 542 960 602 illi
979 542 1164 621 aperiebant,
1191 546 1372 609 Herculem-

104 659 163 718 que
184 646 214 698 et
235 644 351 715 patrem
370 635 511 697 Liberum
541 645 572 699 et
598 659 666 699 cum
688 637 813 699 Polluce
835 640 993 699 Castorem
1014 657 1096 700 novo
1120 641 1237 702 numini
1268 663 1371 706 cessu-

104 754 155 795 ros
176 752 243 794 esse
266 733 424 793 iactabant.

184 831 296 891 XVlll.
339 825 454 907 ⁹lgitur
474 828 552 889 festo
574 829 623 889 die
643 831 725 891 omni
746 831 900 909 opulentia
921 832 1092 894 convivium
1112 834 1257 895 exornari
1279 834 1369 912 iubet,

103 928 152 988 oui
181 947 244 987 non
271 925 455 987 Macedones
476 925 569 985 modo
595 932 625 985 et
654 926 774 1002 Graeci,
803 928 957 1006 principes
985 929 1162 1005 amicorum,
1193 930 1249 991 sed
1281 932 1369 992 etiam

103 1021 259 1105 [barbari]
289 1022 406 1082 nobiles
436 1021 656 1083 adhiberentur.
709 1025 786 1084 Cum
815 1024 925 1103 quibus
953 1045 1046 1105 quum
1076 1024 1283 1087 discubuisset
1307 1046 1369 1103 rex,

101 1119 254 1197 paulisper
274 1118 410 1196 epulatus
432 1117 572 1178 convivio
601 1118 765 1203 egreditur.
806 1115 833 1157 ¹⁰
841 1118 927 1195 Cleo,
956 1121 1036 1182 sicut
1059 1126 1275 1200 praeparatum
1296 1130 1368 1199 erat,

101 1233 271 1275 sermonem
293 1213 579 1275 cumadmiratione
607 1200 731 1275 laiiditm
758 1214 824 1275 eius
845 1215 980 1277 instituit
1023 1216 1133 1277 hlerita
1159 1216 1272 1277 deinde
1301 1238 1369 1298 per-

102 1311 225 1387 censuit,
254 1310 362 1390 quibus
383 1330 446 1370 uno
467 1311 560 1371 modo
581 1311 687 1371 reserri
715 1311 792 1399 gpati
811 1332 849 1391 m⁸
882 1331 961 1391 osse,
977 1312 1020 1391 si,
1042 1333 1133 1393 quem
1153 1311 1368 1392 intelligerent,

101 1408 190 1469 deum
211 1427 289 1481 esse,
316 1407 540 1483 confiterentur,
571 1408 679 1486 exigua
701 1332 1057 1485 thiir'iiimtilpbtis‘h'ianta
1082 1408 1229 1469 beneficia
1261 1431 1369 1489 pensa-

13 1536 23 1586 '.
35 1536 40 1545 ·
101 1503 170 1566 turi.
212 1499 346 1564 ¹¹Persas
367 1503 487 1583 quidem
508 1523 570 1564 non
590 1504 640 1582 pie
663 1502 774 1579 solum,
801 1504 857 1565 sed
880 1503 968 1563 etiam
988 1504 1155 1582 prudenter
1175 1524 1269 1584 reges
1295 1526 1367 1569 suos

100 1602 177 1662 inter
199 1601 273 1662 deos
308 1599 423 1660 colere:
454 1599 638 1660 maiestatem
665 1601 744 1659 euim
770 1599 889 1679 imperii
917 1599 1021 1661 salutis
1048 1619 1116 1661 esse
1143 1602 1280 1663 nitelam.
1319 1604 1367 1665 Ne

99 1697 261 1758 Herculem
279 1696 398 1776 quidem
417 1704 447 1757 et
465 1704 582 1775 patrem
602 1697 752 1785 hiberum
763 1695 848 1773 prius
869 1696 986 1757 dicatos
1006 1697 1091 1773 deos,
1112 1717 1203 1776 quam
1222 1699 1368 1761 vicissent

101 1813 204 1853 secum
230 1793 392 1853 viventium
413 1793 569 1855 invidiam:
597 1778 771 1853 tautimde'm
798 1812 919 1873 quoque
947 1799 1088 1871 posteros
1110 1792 1246 1870 credere,
1276 1816 1366 1876 qnan-

101 1899 164 1949 tum
188 1909 332 1969 praesens
361 1897 443 1950 aetas
468 1890 690 1968 spopondisset.
744 1882 872 1967 ¹²Quod
898 1889 926 1951 si
957 1887 1052 1950 ceteri
1082 1888 1228 1967 dubitent,
1259 1899 1367 1954 semet

100 1987 208 2065 ipsum,
231 2006 323 2065 quum
344 2005 398 2046 rex
416 1985 520 2046 inisset
542 1986 721 2060 convivium,
733 1990 956 2064 prostraturum
975 1984 1057 2046 humi
1078 2005 1200 2065 corpus.
1245 1989 1365 2049 Debere

100 2083 180 2143 idem
196 2084 294 2142 lacere
317 2090 436 2144 ceteros
455 2088 485 2142 et
506 2082 642 2178 inprimis
664 2080 810 2160 sapientia
831 2082 998 2159 praeditos:
1020 2082 1058 2142 ab
1080 2081 1141 2143 illis
1159 2082 1240 2143 enim
1266 2084 1365 2146 cidtus

100 2180 131 2239 in
150 2199 253 2257 regem
275 2180 444 2257 exemplum
464 2198 530 2240 esse
548 2156 748 2258 ptbdendum.
804 2170 923 2238 ¹³Haud
944 2177 1089 2256 perplexe
1109 2178 1142 2239 in
1159 2177 1364 2241 Callisthenen

101 2275 288 2354 dirigebatur
303 2276 409 2335 oratio.
457 2274 595 2336 Gravitas
620 2275 678 2335 viri
703 2280 733 2335 et
754 2279 896 2352 prompta
923 2272 1048 2335 libertas
1076 2274 1175 2335 invisa
1201 2282 1270 2337 erat
1293 2277 1363 2357 regi,

101 2371 186 2451 qnasi
207 2372 291 2432 solus
312 2372 496 2433 Macedonas
515 2378 638 2451 paratos
659 2372 697 2432 ad
719 2371 778 2430 tale
799 2370 978 2450 obsequium
997 2377 1177 2433 moraretur.

184 2470 274 2530 XIX.
307 2461 377 2543 1‘¹ls,
399 2473 462 2528 tuni
483 2467 601 2529 silentio
630 2469 719 2543 lacto,
749 2485 842 2527 unum
864 2465 948 2527 illum
968 2467 1152 2529 intuentibus
1180 2468 1303 2547 ceteris,
1330 2472 1365 2532 St‘

101 2586 164 2639 rea,
185 2565 289 2646 inquit,
310 2567 444 2625 sermoni
467 2572 520 2624 tao
537 2564 689 2643 qffnt'sset,
719 2563 840 2623 nullius
856 2563 998 2644 profecto
1015 2584 1076 2625 oon
1102 2568 1286 2643 responsari
1313 2567 1364 2629 nti

101 2661 343 2722 denderaretar:
373 2663 435 2740 a'pse
460 2662 541 2720 enim
567 2667 695 2738 peteret,
723 2679 762 2721 ne
789 2660 825 2718 in
846 2660 1024 2738 peregrinos
1055 2648 1257 2740 aeternosque
1286 2668 1364 2725 ritas

101 2760 284 2838 degenerare
302 2779 332 2818 se
350 2778 478 2836 cogeres,
505 2777 567 2816 nea
587 2754 674 2814 rohas
685 2754 870 2834 felicissime
891 2757 984 2833 gestis
1003 2757 1155 2817 t'not‘dt'am
1175 2759 1239 2818 talt'
1255 2763 1363 2823 adula-

101 2858 183 2916 tione
211 2855 412 2916 contraheres.
451 2850 475 2892 ¹⁵
483 2852 545 2913 Sed
573 2853 719 2929 qnoniam
745 2848 835 2926 abest,
860 2870 915 2929 ego
944 2850 1000 2912 titt
1020 2871 1082 2933 ,oro
1108 2854 1164 2914 illo
1190 2852 1362 2935 respondeo,

101 2954 225 3013 nnllam
243 2973 302 3012 esse
323 2950 451 3011 eandem
477 2957 508 3010 et
529 2949 713 3008 dentnrnnm
734 2954 765 3007 et
776 2965 979 3026 praecoquem
988 2948 1150 3030 fractam,
1171 2952 1363 3035 coelestesque

101 3049 228 3108 honores
249 3067 313 3106 non
334 3046 409 3105 dare
434 3053 463 3104 te
481 3045 556 3124 regi,
585 3044 638 3103 sed
661 3043 797 3121 anferre.
840 3045 1009 3129 Interoallo
1036 3047 1117 3106 entia
1144 3065 1222 3126 opas
1244 3058 1302 3129 est,
1331 3058 1363 3112 nt

102 3230 157 3294 rapi
177 3228 270 3294 illopno
289 3228 340 3292 snit
358 3226 404 3276 ille
430 3226 631 3290 Choerilus,
657 3224 760 3275 inatlta's
783 3226 827 3292 qui
843 3182 956 3279 versibus
977 3236 1002 3278 et
1019 3228 1087 3279 mole
1103 3230 1172 3279 natta
1186 3231 1304 3285 Rettulit
1319 3252 1362 3285 oc-

102 3304 194 3363 ceptos‚
213 3296 300 3363 reqale
318 3296 449 3358 nomisma,
469 3295 608 3361 Philippos.
626 3323 658 3330 -
675 3302 911 3360 purgamenta.
933 3299 957 3346 S.
977 3312 1011 3346 zu
1028 3293 1053 3359 6,
1072 3294 1116 3358 41,
1135 3295 1160 3349 ⁸2.

169 3375 193 3439 8,
214 3376 254 3438 18,
272 3375 297 3427 9.
318 3376 499 3440 [Βανὸανί]
519 3377 555 3424 ist
570 3376 636 3437 jetzt
655 3375 721 3424 nach
738 3376 853 3425 Freinsh.
867 3377 939 3438 Conj.
957 3377 1160 3441 eingesohoben.
1178 3405 1208 3415 -
1231 3378 1361 3443 8,18,1o.

102 3446 344 3512 Praeporotam
369 3453 451 3494 erat.
470 3444 511 3494 l'.:
527 3449 739 3509 praeparaverat.
760 3469 789 3478 -
808 3442 959 3508 qratiam
974 3460 1083 3510 posse.
1101 3444 1142 3494 F.:
1161 3449 1257 3511 qratia
1271 3458 1362 3517 posset.

102 3517 155 3564 Der
173 3515 257 3563 lnbolt
276 3515 363 3564 dieses
382 3516 473 3563 Satzcs
493 3525 568 3562 muss
585 3512 623 3561 als
645 3511 816 3573 Hauptsache
832 3511 1029 3562 hervortreten.
1062 3512 1152 3571 Daher
1175 3514 1227 3565 der
1243 3519 1362 3570 lnlinitir.

104 3580 299 3642 -8,18,11.
330 3581 486 3629 Nellerc.
513 3581 555 3628 ll:
577 3578 671 3628 necll.
709 3580 733 3628 S.
750 3592 783 3627 zu
801 3575 825 3637 3,
844 3574 884 3641 29,
903 3576 944 3629 24.
967 3606 994 3615 -
1024 3578 1272 3633 dieatoadeos.
1310 3589 1363 3637 th

102 3648 191 3699 dicore
206 3664 258 3698 von
278 3649 415 3711 Tempeln,
434 3648 680 3710 Weihgeschenken
700 3646 755 3695 und
769 3647 910 3709 jeglichem
927 3646 1084 3710 lligenthum
1104 3647 1153 3698 der
1172 3651 1298 3704 Gottbeit
1318 3670 1364 3719 ge-

102 3718 218 3767 braucht
241 3716 315 3775 wind,
341 3730 371 3765 so
393 3717 461 3765 auch
485 3728 539 3762 ron
560 3716 678 3774 Statum,
697 3713 740 3762 die
764 3714 909 3764 denselbeu
936 3715 1064 3765 errichtet
1086 3717 1224 3767 wurden.·
1245 3722 1285 3771 So
1306 3724 1363 3772 Ptin.

103 3788 132 3835 N.
148 3786 177 3834 H.
198 3782 224 3844 8,
243 3780 283 3843 18,
302 3781 348 3831 47ε
369 3783 453 3831 Servii
474 3779 551 3830 Tullii
567 3787 728 3846 praelectae,
748 3779 837 3845 quibas
856 3782 983 3847 siquam
1001 3782 1177 3832 Fortunae
1194 3784 1236 3835 ab
1255 3804 1294 3838 co
1312 3790 1364 3839 di-

105 3861 209 3903 catoc
225 3858 370 3917 coopertam
389 3858 455 3910 erat,
474 3849 600 3898 duravere
617 3848 652 3898 od
667 3848 755 3897 Seiani
773 3849 875 3900 scitam.
915 3850 978 3899 thid
998 3847 1041 3910 36,
1061 3848 1128 3913 5,1.
1148 3848 1180 3901 8:
1200 3870 1255 3919 par
1281 3856 1364 3907 haen-

106 3923 169 3970 totlo
192 3918 392 3980 est,-lantts
412 3917 516 3967 Pater
537 3917 573 3966 in
592 3933 648 3966 sno
678 3914 800 3982 templo
827 3916 962 3967 dicatos
984 3916 1024 3968 ab
1044 3916 1366 3984 :laquata-tetrius

102 4006 217 4039 tonnas
236 3989 291 4037 sit.

171 4065 320 4130 8,1s,13.
359 4062 646 4132 Haudperplecc.
684 4061 1366 4137 119131.111.30,80,8;ἰαπηοκροτρ1οτι,

104 4138 148 4187 sed
165 4137 279 4204 polana
298 4141 426 4196 revocant,
449 4132 499 4198 qni,
516 4131 624 4182 vetando
645 4131 843 4199 supplementum
859 4139 884 4181 et
901 4131 1036 4198 pecaniam
1053 4132 1130 4192 nitet,
1149 4133 1307 4203 iampridem
1324 4156 1366 4189 re-

105 4205 248 4255 trahebant.
268 4232 300 4239 -
321 4200 569 4250 Callisthenen.
603 4203 656 4251 llas
676 4201 780 4260 Urtheil,
801 4201 916 4250 welches
934 4201 995 4250 dem
1014 4201 1170 4253 Aristoteles
1189 4205 1259 4256 tiber
1275 4208 1366 4259 diesen

104 4278 197 4325 seinen
225 4272 343 4329 schiller,
377 4270 425 4320 der
452 4270 490 4318 als
515 4269 645 4331 Begleiter
674 4269 728 4318 und
755 4267 1035 4319 Geschichtscbreiber
1056 4264 1222 4323 Alexanders
1248 4274 1367 4326 bekannt

64 4338 72 4355 ⁴
106 4343 160 4391 und
180 4342 265 4391 durch
283 4340 340 4388 sein
360 4337 506 4400 tragisches
526 4336 600 4386 Ende
619 4337 744 4385 berithmt
764 4336 908 4398 geworden
928 4337 974 4395 ist,
995 4349 1049 4385 von
1069 4336 1134 4386 Plut.
1155 4339 1228 4392 Mes.
1248 4339 1285 4392 ot
1308 4344 1366 4395 bet-

104 4411 191 4472 gelegt
210 4407 291 4457 wird:
311 4399 551 4470 Καλλισθένης
572 4399 640 4470 λόγῳ
659 4402 706 4470 μὲν
725 4400 757 4470 ἠν
778 4400 886 4458 δυνατὸς
905 4402 950 4452 καὶ
968 4402 1057 4470 μέγας,
1079 4407 1160 4453 νοῦν
1181 4402 1203 4455 δ’
1231 4406 1298 4461 oba
1325 4409 1364 4461 sl-

105 4493 123 4544 χ
133 4492 183 4535 εν,
201 4476 307 4526 scheint
325 4485 396 4522 zwar
414 4473 481 4534 hart,
502 4473 536 4522 ist
554 4471 645 4521 indess
664 4471 738 4521 nicht
758 4471 827 4521 eben
846 4472 993 4534 ungerecht
1010 4485 1044 4520 zu
1064 4484 1178 4523 nonuen.

172 4554 198 4613 s,
220 4551 262 4612 ts,
282 4550 320 4601 tt.
357 4551 382 4599 E
389 4558 599 4616 eternaeque
616 4564 669 4600 von
688 4553 713 4599 Z.
734 4551 911 4615 hinzugehtgt.
946 4551 1026 4600 Beida
1044 4550 1184 4613 adjective
1204 4554 1298 4608 finden
1312 4557 1365 4609 sich

106 4622 189 4674 otters
203 4622 231 4671 in
250 4619 390 4670 dersetbsn
409 4620 485 4683 Fotge
503 4619 668 4671 verbunden.
698 4619 725 4668 S.
741 4631 774 4668 tu
792 4616 816 4682 7,
828 4616 871 4683 23,
883 4616 925 4671 ts.
942 4644 973 4657 -
990 4615 1016 4681 8,
1038 4614 1078 4681 ts,
1102 4616 1142 4671 lb.
1160 4618 1363 4677 lateroallo.
