<?xml version="1.0" encoding="UTF-8"?>
<!DOCTYPE html PUBLIC "-//W3C//DTD XHTML 1.0 Transitional//EN"
    "http://www.w3.org/TR/xhtml1/DTD/xhtml1-transitional.dtd">
<html xmlns="http://www.w3.org/1999/xhtml" xml:lang="en" lang="en">
 <head>
  <title>
</title>
<meta http-equiv="Content-Type" content="text/html;charset=utf-8" />
  <meta name='ocr-system' content='tesseract 3.04.00' />
  <meta name='ocr-capabilities' content='ocr_page ocr_carea ocr_par ocr_line ocrx_word'/>
</head>
<body>
  <div class='ocr_page' id='page_1' title='image "./qcurtiirufidege00mtgoog_0265.png"; bbox 0 0 2820 4964; ppageno 0'>
   <div class='ocr_carea' id='block_1_1' title="bbox 208 168 1356 263">
    <p class='ocr_par' dir='ltr' id='par_1_1' title="bbox 208 168 1356 263">
     <span class='ocr_line' id='line_1_1' title="bbox 208 168 1356 263; baseline 0.008 -8"><span class='ocrx_word' id='word_1_1' title='bbox 208 196 291 258; x_wconf 83' lang='lat' dir='ltr'>vni.</span> <span class='ocrx_word' id='word_1_2' title='bbox 316 195 348 258; x_wconf 86' lang='lat' dir='ltr'>v.</span> <span class='ocrx_word' id='word_1_3' title='bbox 370 197 517 258; x_wconf 68' lang='lat' dir='ltr'>tro-sn.</span> <span class='ocrx_word' id='word_1_4' title='bbox 538 192 589 256; x_wconf 80' lang='lat' dir='ltr'>vr.</span> <span class='ocrx_word' id='word_1_5' title='bbox 612 194 993 260; x_wconf 73' lang='lat' dir='ltr'>1-1evlt.13-18.</span> <span class='ocrx_word' id='word_1_6' title='bbox 1016 168 1099 260; x_wconf 88' lang='lat' dir='ltr'>vin.</span> <span class='ocrx_word' id='word_1_7' title='bbox 1121 199 1171 261; x_wconf 86' lang='lat'>19.</span> <span class='ocrx_word' id='word_1_8' title='bbox 1253 197 1318 263; x_wconf 76' lang='lat' dir='ltr'>aar</span> <span class='ocrx_word' id='word_1_9' title='bbox 1348 217 1356 228; x_wconf 88' lang='lat'>·</span> 
     </span>
    </p>
   </div>
   <div class='ocr_carea' id='block_1_2' title="bbox 56 361 1401 3236">
    <p class='ocr_par' dir='ltr' id='par_1_2' title="bbox 56 361 1318 1407">
     <span class='ocr_line' id='line_1_2' title="bbox 57 361 1315 443; baseline 0.003 -20"><span class='ocrx_word' id='word_1_10' title='bbox 57 361 221 423; x_wconf 81' lang='lat' dir='ltr'>occubuere</span> <span class='ocrx_word' id='word_1_11' title='bbox 241 371 384 440; x_wconf 83' lang='lat' dir='ltr'>mortem,</span> <span class='ocrx_word' id='word_1_12' title='bbox 409 362 459 424; x_wconf 79' lang='lat' dir='ltr'>hic</span> <span class='ocrx_word' id='word_1_13' title='bbox 469 362 599 443; x_wconf 81' lang='lat' dir='ltr'>frater,</span> <span class='ocrx_word' id='word_1_14' title='bbox 624 365 753 424; x_wconf 70' lang='lat' dir='ltr'>anuum</span> <span class='ocrx_word' id='word_1_15' title='bbox 775 362 914 424; x_wconf 79' lang='lat' dir='ltr'><em>orbitatis</em></span> <span class='ocrx_word' id='word_1_16' title='bbox 937 367 1099 441; x_wconf 59' lang='lat' dir='ltr'>solanum,</span> <span class='ocrx_word' id='word_1_17' title='bbox 1126 385 1147 426; x_wconf 90' lang='lat' dir='ltr'>a</span> <span class='ocrx_word' id='word_1_18' title='bbox 1167 385 1215 427; x_wconf 83' lang='lat' dir='ltr'>mc</span> <span class='ocrx_word' id='word_1_19' title='bbox 1233 367 1315 427; x_wconf 82' lang='lat' dir='ltr'>inter</span> 
     </span>
     <span class='ocr_line' id='line_1_3' title="bbox 56 455 1316 539; baseline 0.003 -19"><span class='ocrx_word' id='word_1_20' title='bbox 56 462 164 539; x_wconf 80' lang='lat' dir='ltr'><em>epulas</em></span> <span class='ocrx_word' id='word_1_21' title='bbox 176 462 292 520; x_wconf 76' lang='lat' dir='ltr'>ocasas</span> <span class='ocrx_word' id='word_1_22' title='bbox 304 468 354 520; x_wconf 85' lang='lat' dir='ltr'>est.</span> <span class='ocrx_word' id='word_1_23' title='bbox 399 455 489 531; x_wconf 84' lang='lat' dir='ltr'>⁹an</span> <span class='ocrx_word' id='word_1_24' title='bbox 508 480 595 520; x_wconf 88' lang='lat' dir='ltr'>aaac</span> <span class='ocrx_word' id='word_1_25' title='bbox 615 480 646 521; x_wconf 86' lang='lat' dir='ltr'>se</span> <span class='ocrx_word' id='word_1_26' title='bbox 663 459 803 539; x_wconf 83' lang='lat' dir='ltr'>conferet</span> <span class='ocrx_word' id='word_1_27' title='bbox 823 463 957 523; x_wconf 76' lang='lat' dir='ltr'>misera?</span> <span class='ocrx_word' id='word_1_28' title='bbox 985 459 1131 522; x_wconf 79' lang='lat' dir='ltr'>Omnibus</span> <span class='ocrx_word' id='word_1_29' title='bbox 1148 464 1215 523; x_wconf 85' lang='lat' dir='ltr'>cias</span> <span class='ocrx_word' id='word_1_30' title='bbox 1233 478 1316 524; x_wconf 78' lang='lat' dir='ltr'>araas</span> 
     </span>
     <span class='ocr_line' id='line_1_4' title="bbox 57 556 1316 638; baseline 0.004 -23"><span class='ocrx_word' id='word_1_31' title='bbox 57 576 232 634; x_wconf 84' lang='lat' dir='ltr'>supersum,</span> <span class='ocrx_word' id='word_1_32' title='bbox 259 576 346 634; x_wconf 84' lang='lat' dir='ltr'>quera</span> <span class='ocrx_word' id='word_1_33' title='bbox 366 556 464 615; x_wconf 87' lang='lat' dir='ltr'>solam</span> <span class='ocrx_word' id='word_1_34' title='bbox 486 559 590 634; x_wconf 77' lang='lat' dir='ltr'>aequis</span> <span class='ocrx_word' id='word_1_35' title='bbox 609 557 705 617; x_wconf 83' lang='lat' dir='ltr'>ocale&#39;s</span> <span class='ocrx_word' id='word_1_36' title='bbox 728 557 829 616; x_wconf 79' lang='lat' dir='ltr'>ut&#39;dere</span> <span class='ocrx_word' id='word_1_37' title='bbox 851 575 916 617; x_wconf 85' lang='lat' dir='ltr'>aaa</span> <span class='ocrx_word' id='word_1_38' title='bbox 933 559 1058 636; x_wconf 82' lang='lat' dir='ltr'>poterit.</span> <span class='ocrx_word' id='word_1_39' title='bbox 1101 560 1145 618; x_wconf 86' lang='lat' dir='ltr'>Et</span> <span class='ocrx_word' id='word_1_40' title='bbox 1169 579 1223 638; x_wconf 81' lang='lat' dir='ltr'>ogo</span> <span class='ocrx_word' id='word_1_41' title='bbox 1252 580 1316 620; x_wconf 85' lang='lat' dir='ltr'>ser-</span> 
     </span>
     <span class='ocr_line' id='line_1_5' title="bbox 58 652 1316 733; baseline 0.002 -20"><span class='ocrx_word' id='word_1_42' title='bbox 58 660 202 713; x_wconf 80' lang='lat' dir='ltr'>vaturam</span> <span class='ocrx_word' id='word_1_43' title='bbox 231 671 368 711; x_wconf 83' lang='lat' dir='ltr'>mearum</span> <span class='ocrx_word' id='word_1_44' title='bbox 395 652 478 711; x_wconf 89' lang='lat' dir='ltr'>latro</span> <span class='ocrx_word' id='word_1_45' title='bbox 505 661 643 714; x_wconf 84' lang='lat' dir='ltr'>reuertar</span> <span class='ocrx_word' id='word_1_46' title='bbox 665 655 701 712; x_wconf 80' lang='lat' dir='ltr'>ia</span> <span class='ocrx_word' id='word_1_47' title='bbox 714 655 876 733; x_wconf 82' lang='lat' dir='ltr'>patriam,</span> <span class='ocrx_word' id='word_1_48' title='bbox 899 661 936 713; x_wconf 86' lang='lat' dir='ltr'>at</span> <span class='ocrx_word' id='word_1_49' title='bbox 962 674 1003 714; x_wconf 83' lang='lat' dir='ltr'>ne</span> <span class='ocrx_word' id='word_1_50' title='bbox 1026 655 1169 715; x_wconf 71' lang='lat' dir='ltr'>drauum</span> <span class='ocrx_word' id='word_1_51' title='bbox 1194 656 1316 733; x_wconf 65' lang='lat' dir='ltr'>quauta</span> 
     </span>
     <span class='ocr_line' id='line_1_6' title="bbox 57 746 1317 831; baseline 0.005 -23"><span class='ocrx_word' id='word_1_52' title='bbox 57 751 253 808; x_wconf 77' lang='lat' dir='ltr'>autricia&#39;ae</span> <span class='ocrx_word' id='word_1_53' title='bbox 272 749 419 808; x_wconf 80' lang='lat' dir='ltr'>memore&#39;a</span> <span class='ocrx_word' id='word_1_54' title='bbox 441 749 632 809; x_wconf 82' lang='lat' dir='ltr'><em>calamitatis</em></span> <span class='ocrx_word' id='word_1_55' title='bbox 650 751 716 808; x_wconf 77' lang='lat' dir='ltr'>aas</span> <span class='ocrx_word' id='word_1_56' title='bbox 736 746 851 826; x_wconf 74' lang='lat' dir='ltr'>afferre</span> <span class='ocrx_word' id='word_1_57' title='bbox 866 752 1005 827; x_wconf 79' lang='lat' dir='ltr'>possim?</span> <span class='ocrx_word' id='word_1_58' title='bbox 1040 747 1068 790; x_wconf 89' lang='lat'>¹⁰</span> <span class='ocrx_word' id='word_1_59' title='bbox 1075 752 1114 812; x_wconf 89' lang='lat' dir='ltr'>Et</span> <span class='ocrx_word' id='word_1_60' title='bbox 1135 771 1227 831; x_wconf 91' lang='lat' dir='ltr'>quum</span> <span class='ocrx_word' id='word_1_61' title='bbox 1249 753 1317 815; x_wconf 85' lang='lat' dir='ltr'>finis</span> 
     </span>
     <span class='ocr_line' id='line_1_7' title="bbox 58 843 1315 926; baseline 0.005 -22"><span class='ocrx_word' id='word_1_62' title='bbox 58 845 190 906; x_wconf 77' lang='lat' dir='ltr'>lacrimis</span> <span class='ocrx_word' id='word_1_63' title='bbox 207 843 397 926; x_wconf 85' lang='lat' dir='ltr'>querelisque</span> <span class='ocrx_word' id='word_1_64' title='bbox 427 862 489 904; x_wconf 91' lang='lat' dir='ltr'>non</span> <span class='ocrx_word' id='word_1_65' title='bbox 518 845 620 921; x_wconf 89' lang='lat' dir='ltr'>fieret,</span> <span class='ocrx_word' id='word_1_66' title='bbox 647 845 731 906; x_wconf 90' lang='lat' dir='ltr'>iussu</span> <span class='ocrx_word' id='word_1_67' title='bbox 762 847 926 919; x_wconf 88' lang='lat' dir='ltr'>amicorum</span> <span class='ocrx_word' id='word_1_68' title='bbox 957 864 1071 924; x_wconf 89' lang='lat' dir='ltr'>corpus</span> <span class='ocrx_word' id='word_1_69' title='bbox 1099 847 1230 909; x_wconf 84' lang='lat' dir='ltr'>ablatum</span> <span class='ocrx_word' id='word_1_70' title='bbox 1261 854 1315 911; x_wconf 84' lang='lat' dir='ltr'>est</span> 
     </span>
     <span class='ocr_line' id='line_1_8' title="bbox 58 937 1316 1023; baseline 0.003 -21"><span class='ocrx_word' id='word_1_71' title='bbox 58 937 80 979; x_wconf 84' lang='lat'>¹¹</span> <span class='ocrx_word' id='word_1_72' title='bbox 92 943 159 1002; x_wconf 85' lang='lat' dir='ltr'>Rex</span> <span class='ocrx_word' id='word_1_73' title='bbox 173 941 305 1002; x_wconf 91' lang='lat' dir='ltr'>triduum</span> <span class='ocrx_word' id='word_1_74' title='bbox 328 938 421 999; x_wconf 89' lang='lat' dir='ltr'>iacuit</span> <span class='ocrx_word' id='word_1_75' title='bbox 441 939 584 1000; x_wconf 89' lang='lat' dir='ltr'>inclusus.</span> <span class='ocrx_word' id='word_1_76' title='bbox 620 944 716 1019; x_wconf 81' lang='lat' dir='ltr'>Quem</span> <span class='ocrx_word' id='word_1_77' title='bbox 741 946 775 1002; x_wconf 92' lang='lat' dir='ltr'>ut</span> <span class='ocrx_word' id='word_1_78' title='bbox 793 941 931 1020; x_wconf 82' lang='lat' dir='ltr'>armigeri</span> <span class='ocrx_word' id='word_1_79' title='bbox 954 941 1153 1023; x_wconf 84' lang='lat' dir='ltr'>corporisque</span> <span class='ocrx_word' id='word_1_80' title='bbox 1174 944 1316 1006; x_wconf 81' lang='lat' dir='ltr'>custodes</span> 
     </span>
     <span class='ocr_line' id='line_1_9' title="bbox 58 1034 1318 1114; baseline 0.003 -16"><span class='ocrx_word' id='word_1_81' title='bbox 58 1037 97 1099; x_wconf 87' lang='lat' dir='ltr'>ad</span> <span class='ocrx_word' id='word_1_82' title='bbox 118 1036 306 1096; x_wconf 91' lang='lat' dir='ltr'>moriendum</span> <span class='ocrx_word' id='word_1_83' title='bbox 330 1034 511 1096; x_wconf 87' lang='lat' dir='ltr'>obstinatum</span> <span class='ocrx_word' id='word_1_84' title='bbox 534 1055 601 1096; x_wconf 90' lang='lat' dir='ltr'>esse</span> <span class='ocrx_word' id='word_1_85' title='bbox 625 1045 848 1114; x_wconf 86' lang='lat' dir='ltr'>cognoverunt,</span> <span class='ocrx_word' id='word_1_86' title='bbox 877 1037 1010 1099; x_wconf 91' lang='lat' dir='ltr'>universi</span> <span class='ocrx_word' id='word_1_87' title='bbox 1036 1038 1068 1098; x_wconf 90' lang='lat' dir='ltr'>in</span> <span class='ocrx_word' id='word_1_88' title='bbox 1094 1039 1318 1102; x_wconf 86' lang='lat' dir='ltr'>tabernaculum</span> 
     </span>
     <span class='ocr_line' id='line_1_10' title="bbox 58 1132 1317 1212; baseline 0.002 -18"><span class='ocrx_word' id='word_1_89' title='bbox 58 1133 237 1211; x_wconf 90' lang='lat' dir='ltr'>irrumpunt,</span> <span class='ocrx_word' id='word_1_90' title='bbox 258 1133 368 1212; x_wconf 91' lang='lat' dir='ltr'>diuque</span> <span class='ocrx_word' id='word_1_91' title='bbox 380 1133 523 1209; x_wconf 86' lang='lat' dir='ltr'>precibus</span> <span class='ocrx_word' id='word_1_92' title='bbox 542 1132 678 1211; x_wconf 89' lang='lat' dir='ltr'>ipsorum</span> <span class='ocrx_word' id='word_1_93' title='bbox 697 1132 874 1196; x_wconf 84' lang='lat' dir='ltr'>reluctatum</span> <span class='ocrx_word' id='word_1_94' title='bbox 894 1151 983 1212; x_wconf 81' lang='lat' dir='ltr'>aegre</span> <span class='ocrx_word' id='word_1_95' title='bbox 1002 1135 1146 1210; x_wconf 89' lang='lat' dir='ltr'>vicerunt,</span> <span class='ocrx_word' id='word_1_96' title='bbox 1166 1141 1200 1197; x_wconf 85' lang='lat' dir='ltr'>ut</span> <span class='ocrx_word' id='word_1_97' title='bbox 1217 1136 1317 1197; x_wconf 90' lang='lat' dir='ltr'>cibum</span> 
     </span>
     <span class='ocr_line' id='line_1_11' title="bbox 58 1222 1318 1309; baseline 0.002 -18"><span class='ocrx_word' id='word_1_98' title='bbox 58 1235 191 1309; x_wconf 88' lang='lat' dir='ltr'>caperet.</span> <span class='ocrx_word' id='word_1_99' title='bbox 234 1222 395 1309; x_wconf 81' lang='lat' dir='ltr'>¹²Quoque</span> <span class='ocrx_word' id='word_1_100' title='bbox 416 1228 514 1290; x_wconf 89' lang='lat' dir='ltr'>minus</span> <span class='ocrx_word' id='word_1_101' title='bbox 536 1230 637 1291; x_wconf 85' lang='lat' dir='ltr'>caedis</span> <span class='ocrx_word' id='word_1_102' title='bbox 658 1231 801 1309; x_wconf 84' lang='lat' dir='ltr'>puderet,</span> <span class='ocrx_word' id='word_1_103' title='bbox 823 1230 889 1291; x_wconf 90' lang='lat' dir='ltr'>iure</span> <span class='ocrx_word' id='word_1_104' title='bbox 912 1229 1102 1292; x_wconf 84' lang='lat' dir='ltr'>interiectum</span> <span class='ocrx_word' id='word_1_105' title='bbox 1122 1230 1235 1298; x_wconf 79' lang='lat' dir='ltr'>Clitum</span> <span class='ocrx_word' id='word_1_106' title='bbox 1254 1233 1318 1293; x_wconf 88' lang='lat' dir='ltr'>Ma·</span> 
     </span>
     <span class='ocr_line' id='line_1_12' title="bbox 60 1325 1317 1407; baseline 0.003 -19"><span class='ocrx_word' id='word_1_107' title='bbox 60 1326 194 1388; x_wconf 91' lang='lat' dir='ltr'>cedones</span> <span class='ocrx_word' id='word_1_108' title='bbox 215 1326 388 1401; x_wconf 89' lang='lat' dir='ltr'>decernunt,</span> <span class='ocrx_word' id='word_1_109' title='bbox 413 1325 567 1404; x_wconf 84' lang='lat' dir='ltr'>sepultura</span> <span class='ocrx_word' id='word_1_110' title='bbox 586 1346 708 1407; x_wconf 89' lang='lat' dir='ltr'>quoque</span> <span class='ocrx_word' id='word_1_111' title='bbox 726 1326 913 1404; x_wconf 85' lang='lat' dir='ltr'>prohibituri,</span> <span class='ocrx_word' id='word_1_112' title='bbox 936 1326 967 1386; x_wconf 91' lang='lat' dir='ltr'>ni</span> <span class='ocrx_word' id='word_1_113' title='bbox 979 1344 1034 1385; x_wconf 90' lang='lat' dir='ltr'>rex</span> <span class='ocrx_word' id='word_1_114' title='bbox 1044 1327 1160 1387; x_wconf 89' lang='lat' dir='ltr'>humari</span> <span class='ocrx_word' id='word_1_115' title='bbox 1171 1327 1317 1393; x_wconf 84' lang='lat' dir='ltr'>iussisset.</span> 
     </span>
    </p>

    <p class='ocr_par' dir='ltr' id='par_1_3' title="bbox 60 1415 1394 2945">
     <span class='ocr_line' id='line_1_13' title="bbox 144 1415 1318 1501; baseline 0.005 -21"><span class='ocrx_word' id='word_1_116' title='bbox 144 1422 209 1482; x_wconf 90' lang='lat' dir='ltr'>Vll.</span> <span class='ocrx_word' id='word_1_117' title='bbox 258 1415 384 1499; x_wconf 80' lang='lat' dir='ltr'>1³1gitur</span> <span class='ocrx_word' id='word_1_118' title='bbox 412 1421 515 1482; x_wconf 88' lang='lat' dir='ltr'>decem</span> <span class='ocrx_word' id='word_1_119' title='bbox 544 1422 651 1483; x_wconf 91' lang='lat' dir='ltr'>diebus</span> <span class='ocrx_word' id='word_1_120' title='bbox 679 1423 806 1482; x_wconf 84' lang='lat' dir='ltr'>maxime</span> <span class='ocrx_word' id='word_1_121' title='bbox 830 1423 868 1481; x_wconf 89' lang='lat' dir='ltr'>ad</span> <span class='ocrx_word' id='word_1_122' title='bbox 903 1421 1137 1483; x_wconf 88' lang='lat' dir='ltr'>confirmandum</span> <span class='ocrx_word' id='word_1_123' title='bbox 1169 1424 1318 1501; x_wconf 87' lang='lat' dir='ltr'>pudorem</span> 
     </span>
     <span class='ocr_line' id='line_1_14' title="bbox 60 1517 1319 1598; baseline 0.002 -19"><span class='ocrx_word' id='word_1_124' title='bbox 60 1519 142 1598; x_wconf 88' lang='lat' dir='ltr'>apud</span> <span class='ocrx_word' id='word_1_125' title='bbox 162 1518 342 1578; x_wconf 89' lang='lat' dir='ltr'>hlaraeanda</span> <span class='ocrx_word' id='word_1_126' title='bbox 361 1517 554 1596; x_wconf 88' lang='lat' dir='ltr'>consumptis,</span> <span class='ocrx_word' id='word_1_127' title='bbox 576 1538 644 1578; x_wconf 90' lang='lat' dir='ltr'>cum</span> <span class='ocrx_word' id='word_1_128' title='bbox 665 1525 750 1597; x_wconf 89' lang='lat' dir='ltr'>parte</span> <span class='ocrx_word' id='word_1_129' title='bbox 776 1517 926 1579; x_wconf 88' lang='lat' dir='ltr'>exercitus</span> <span class='ocrx_word' id='word_1_130' title='bbox 949 1518 1200 1594; x_wconf 83' lang='lat' dir='ltr'>Hephaestionem</span> <span class='ocrx_word' id='word_1_131' title='bbox 1219 1519 1250 1579; x_wconf 92' lang='lat' dir='ltr'>in</span> <span class='ocrx_word' id='word_1_132' title='bbox 1271 1540 1319 1582; x_wconf 86' lang='lat' dir='ltr'>re-</span> 
     </span>
     <span class='ocr_line' id='line_1_15' title="bbox 60 1608 1319 1695; baseline 0.001 -20"><span class='ocrx_word' id='word_1_133' title='bbox 60 1617 181 1695; x_wconf 90' lang='lat' dir='ltr'>gionem</span> <span class='ocrx_word' id='word_1_134' title='bbox 202 1615 384 1674; x_wconf 89' lang='lat' dir='ltr'>bactrianam</span> <span class='ocrx_word' id='word_1_135' title='bbox 408 1613 502 1688; x_wconf 90' lang='lat' dir='ltr'>misit,</span> <span class='ocrx_word' id='word_1_136' title='bbox 533 1623 717 1677; x_wconf 88' lang='lat' dir='ltr'>commeatus</span> <span class='ocrx_word' id='word_1_137' title='bbox 744 1615 775 1674; x_wconf 92' lang='lat' dir='ltr'>in</span> <span class='ocrx_word' id='word_1_138' title='bbox 801 1614 928 1673; x_wconf 89' lang='lat' dir='ltr'>hiemem</span> <span class='ocrx_word' id='word_1_139' title='bbox 954 1617 1138 1692; x_wconf 89' lang='lat' dir='ltr'>paraturum.</span> <span class='ocrx_word' id='word_1_140' title='bbox 1183 1608 1319 1691; x_wconf 75' lang='lat' dir='ltr'>14Quam</span> 
     </span>
     <span class='ocr_line' id='line_1_16' title="bbox 62 1707 1320 1791; baseline 0.002 -19"><span class='ocrx_word' id='word_1_141' title='bbox 62 1712 142 1773; x_wconf 84' lang='lat' dir='ltr'>Clito</span> <span class='ocrx_word' id='word_1_142' title='bbox 165 1718 263 1772; x_wconf 91' lang='lat' dir='ltr'>autem</span> <span class='ocrx_word' id='word_1_143' title='bbox 283 1711 482 1772; x_wconf 87' lang='lat' dir='ltr'>destinaverat</span> <span class='ocrx_word' id='word_1_144' title='bbox 503 1711 697 1788; x_wconf 88' lang='lat' dir='ltr'>provinciam,</span> <span class='ocrx_word' id='word_1_145' title='bbox 719 1710 867 1789; x_wconf 82' lang='lat' dir='ltr'>Amyntae</span> <span class='ocrx_word' id='word_1_146' title='bbox 890 1708 985 1769; x_wconf 88' lang='lat' dir='ltr'>dedit:</span> <span class='ocrx_word' id='word_1_147' title='bbox 1008 1707 1073 1787; x_wconf 89' lang='lat' dir='ltr'>ipse</span> <span class='ocrx_word' id='word_1_148' title='bbox 1090 1709 1234 1790; x_wconf 81' lang='lat' dir='ltr'>Xenippa</span> <span class='ocrx_word' id='word_1_149' title='bbox 1251 1731 1320 1791; x_wconf 88' lang='lat' dir='ltr'>per-</span> 
     </span>
     <span class='ocr_line' id='line_1_17' title="bbox 61 1805 1320 1888; baseline 0.002 -20"><span class='ocrx_word' id='word_1_150' title='bbox 61 1809 150 1870; x_wconf 89' lang='lat' dir='ltr'>venit.</span> <span class='ocrx_word' id='word_1_151' title='bbox 191 1809 331 1887; x_wconf 84' lang='lat' dir='ltr'>Scythiae</span> <span class='ocrx_word' id='word_1_152' title='bbox 351 1808 477 1868; x_wconf 89' lang='lat' dir='ltr'>confinis</span> <span class='ocrx_word' id='word_1_153' title='bbox 500 1816 545 1869; x_wconf 90' lang='lat' dir='ltr'>est</span> <span class='ocrx_word' id='word_1_154' title='bbox 565 1808 650 1887; x_wconf 88' lang='lat' dir='ltr'>regio</span> <span class='ocrx_word' id='word_1_155' title='bbox 671 1806 879 1887; x_wconf 81' lang='lat' dir='ltr'>habitaturque</span> <span class='ocrx_word' id='word_1_156' title='bbox 897 1805 1035 1885; x_wconf 90' lang='lat' dir='ltr'>pluribus</span> <span class='ocrx_word' id='word_1_157' title='bbox 1055 1807 1320 1888; x_wconf 38' lang='lat' dir='ltr'>acvfrequentibus</span> 
     </span>
     <span class='ocr_line' id='line_1_18' title="bbox 61 1902 1394 1984; baseline 0.001 -17"><span class='ocrx_word' id='word_1_158' title='bbox 61 1905 147 1978; x_wconf 79' lang='lat' dir='ltr'>vicie,</span> <span class='ocrx_word' id='word_1_159' title='bbox 166 1905 235 1984; x_wconf 87' lang='lat' dir='ltr'>quis</span> <span class='ocrx_word' id='word_1_160' title='bbox 245 1905 366 1966; x_wconf 89' lang='lat' dir='ltr'>ubertas</span> <span class='ocrx_word' id='word_1_161' title='bbox 379 1913 476 1967; x_wconf 88' lang='lat' dir='ltr'>terrae</span> <span class='ocrx_word' id='word_1_162' title='bbox 493 1925 555 1967; x_wconf 90' lang='lat' dir='ltr'>non</span> <span class='ocrx_word' id='word_1_163' title='bbox 576 1905 730 1984; x_wconf 87' lang='lat' dir='ltr'>indigenas</span> <span class='ocrx_word' id='word_1_164' title='bbox 751 1903 843 1965; x_wconf 90' lang='lat' dir='ltr'>modo</span> <span class='ocrx_word' id='word_1_165' title='bbox 865 1903 984 1978; x_wconf 85' lang='lat' dir='ltr'>detinet,</span> <span class='ocrx_word' id='word_1_166' title='bbox 1007 1902 1169 1964; x_wconf 90' lang='lat' dir='ltr'>sedetiam</span> <span class='ocrx_word' id='word_1_167' title='bbox 1189 1904 1319 1968; x_wconf 84' lang='lat' dir='ltr'>advenas</span> <span class='ocrx_word' id='word_1_168' title='bbox 1388 1939 1394 1947; x_wconf 86' lang='lat'>-</span> 
     </span>
     <span class='ocr_line' id='line_1_19' title="bbox 62 1997 1320 2081; baseline 0 -18"><span class='ocrx_word' id='word_1_169' title='bbox 62 2003 175 2064; x_wconf 86' lang='lat' dir='ltr'>invitat.</span> <span class='ocrx_word' id='word_1_170' title='bbox 211 1997 234 2039; x_wconf 82' lang='lat'>¹⁵</span> <span class='ocrx_word' id='word_1_171' title='bbox 242 2003 470 2062; x_wconf 89' lang='lat' dir='ltr'>Bactrianorum</span> <span class='ocrx_word' id='word_1_172' title='bbox 495 2002 631 2077; x_wconf 92' lang='lat' dir='ltr'>exulum,</span> <span class='ocrx_word' id='word_1_173' title='bbox 654 2001 706 2081; x_wconf 88' lang='lat' dir='ltr'>qui</span> <span class='ocrx_word' id='word_1_174' title='bbox 727 2000 764 2060; x_wconf 93' lang='lat' dir='ltr'>ab</span> <span class='ocrx_word' id='word_1_175' title='bbox 784 1999 957 2060; x_wconf 85' lang='lat' dir='ltr'>Alexandro</span> <span class='ocrx_word' id='word_1_176' title='bbox 979 2000 1166 2077; x_wconf 86' lang='lat' dir='ltr'>defecerant,</span> <span class='ocrx_word' id='word_1_177' title='bbox 1184 2008 1320 2080; x_wconf 86' lang='lat' dir='ltr'>recepta-</span> 
     </span>
     <span class='ocr_line' id='line_1_20' title="bbox 61 2097 1319 2179; baseline -0.001 -18"><span class='ocrx_word' id='word_1_178' title='bbox 61 2100 163 2161; x_wconf 90' lang='lat' dir='ltr'>culum</span> <span class='ocrx_word' id='word_1_179' title='bbox 180 2101 285 2159; x_wconf 87' lang='lat' dir='ltr'>fuerat.</span> <span class='ocrx_word' id='word_1_180' title='bbox 329 2099 390 2158; x_wconf 85' lang='lat' dir='ltr'>Sed</span> <span class='ocrx_word' id='word_1_181' title='bbox 412 2105 572 2179; x_wconf 88' lang='lat' dir='ltr'>postquam</span> <span class='ocrx_word' id='word_1_182' title='bbox 591 2118 692 2178; x_wconf 87' lang='lat' dir='ltr'>regem</span> <span class='ocrx_word' id='word_1_183' title='bbox 712 2097 872 2158; x_wconf 84' lang='lat' dir='ltr'>adventare</span> <span class='ocrx_word' id='word_1_184' title='bbox 892 2102 1083 2174; x_wconf 89' lang='lat' dir='ltr'>compertum</span> <span class='ocrx_word' id='word_1_185' title='bbox 1100 2104 1159 2173; x_wconf 90' lang='lat' dir='ltr'>est,</span> <span class='ocrx_word' id='word_1_186' title='bbox 1179 2097 1261 2176; x_wconf 91' lang='lat' dir='ltr'>pulsi</span> <span class='ocrx_word' id='word_1_187' title='bbox 1281 2099 1319 2161; x_wconf 90' lang='lat' dir='ltr'>ab</span> 
     </span>
     <span class='ocr_line' id='line_1_21' title="bbox 62 2185 1319 2286; baseline -0.001 -29"><span class='ocrx_word' id='word_1_188' title='bbox 62 2197 175 2286; x_wconf 78' lang='lat' dir='ltr'>incolis</span> <span class='ocrx_word' id='word_1_189' title='bbox 185 2196 211 2254; x_wconf 97' lang='lat' dir='ltr'>ll</span> <span class='ocrx_word' id='word_1_190' title='bbox 232 2193 315 2252; x_wconf 84' lang='lat' dir='ltr'>milia</span> <span class='ocrx_word' id='word_1_191' title='bbox 338 2194 402 2251; x_wconf 86' lang='lat' dir='ltr'>fere</span> <span class='ocrx_word' id='word_1_192' title='bbox 422 2205 451 2252; x_wconf 90' lang='lat' dir='ltr'>et</span> <span class='ocrx_word' id='word_1_193' title='bbox 472 2195 625 2273; x_wconf 85' lang='lat' dir='ltr'>quingenti</span> <span class='ocrx_word' id='word_1_194' title='bbox 647 2197 878 2270; x_wconf 87' lang='lat' dir='ltr'>congregantur.</span> <span class='ocrx_word' id='word_1_195' title='bbox 920 2185 945 2229; x_wconf 72' lang='lat'>1⁶</span> <span class='ocrx_word' id='word_1_196' title='bbox 953 2193 1066 2254; x_wconf 89' lang='lat' dir='ltr'>Omnes</span> <span class='ocrx_word' id='word_1_197' title='bbox 1088 2193 1203 2273; x_wconf 87' lang='lat' dir='ltr'>equites</span> <span class='ocrx_word' id='word_1_198' title='bbox 1225 2201 1319 2272; x_wconf 88' lang='lat' dir='ltr'>erant,</span> 
     </span>
     <span class='ocr_line' id='line_1_22' title="bbox 62 2286 1320 2369; baseline -0.002 -15"><span class='ocrx_word' id='word_1_199' title='bbox 62 2294 154 2354; x_wconf 88' lang='lat' dir='ltr'>etiam</span> <span class='ocrx_word' id='word_1_200' title='bbox 169 2290 199 2347; x_wconf 91' lang='lat' dir='ltr'>in</span> <span class='ocrx_word' id='word_1_201' title='bbox 220 2307 294 2365; x_wconf 89' lang='lat' dir='ltr'>pace</span> <span class='ocrx_word' id='word_1_202' title='bbox 312 2287 478 2347; x_wconf 87' lang='lat' dir='ltr'>latrociniis</span> <span class='ocrx_word' id='word_1_203' title='bbox 502 2289 627 2348; x_wconf 88' lang='lat' dir='ltr'>assueti:</span> <span class='ocrx_word' id='word_1_204' title='bbox 647 2295 708 2348; x_wconf 88' lang='lat' dir='ltr'>tum</span> <span class='ocrx_word' id='word_1_205' title='bbox 731 2287 845 2347; x_wconf 83' lang='lat' dir='ltr'>ferocia</span> <span class='ocrx_word' id='word_1_206' title='bbox 866 2286 985 2366; x_wconf 89' lang='lat' dir='ltr'>ingenia</span> <span class='ocrx_word' id='word_1_207' title='bbox 1004 2308 1067 2350; x_wconf 90' lang='lat' dir='ltr'>non</span> <span class='ocrx_word' id='word_1_208' title='bbox 1088 2289 1202 2350; x_wconf 90' lang='lat' dir='ltr'>bellum</span> <span class='ocrx_word' id='word_1_209' title='bbox 1219 2291 1320 2369; x_wconf 89' lang='lat' dir='ltr'>modo,</span> 
     </span>
     <span class='ocr_line' id='line_1_23' title="bbox 63 2382 1322 2463; baseline 0.002 -18"><span class='ocrx_word' id='word_1_210' title='bbox 63 2388 119 2450; x_wconf 87' lang='lat' dir='ltr'>sed</span> <span class='ocrx_word' id='word_1_211' title='bbox 151 2384 239 2444; x_wconf 87' lang='lat' dir='ltr'>etiam</span> <span class='ocrx_word' id='word_1_212' title='bbox 266 2383 371 2443; x_wconf 89' lang='lat' dir='ltr'>veniae</span> <span class='ocrx_word' id='word_1_213' title='bbox 400 2382 570 2459; x_wconf 82' lang='lat' dir='ltr'>desperatio</span> <span class='ocrx_word' id='word_1_214' title='bbox 600 2383 781 2444; x_wconf 84' lang='lat' dir='ltr'>efferaverat.</span> <span class='ocrx_word' id='word_1_215' title='bbox 830 2384 933 2463; x_wconf 86' lang='lat' dir='ltr'>ltaque</span> <span class='ocrx_word' id='word_1_216' title='bbox 963 2404 1001 2444; x_wconf 91' lang='lat' dir='ltr'>ex</span> <span class='ocrx_word' id='word_1_217' title='bbox 1028 2385 1193 2463; x_wconf 88' lang='lat' dir='ltr'>improviso</span> <span class='ocrx_word' id='word_1_218' title='bbox 1222 2386 1322 2448; x_wconf 88' lang='lat' dir='ltr'>adorti</span> 
     </span>
     <span class='ocr_line' id='line_1_24' title="bbox 62 2475 1322 2561; baseline -0.002 -15"><span class='ocrx_word' id='word_1_219' title='bbox 62 2487 233 2561; x_wconf 73' lang='lat' dir='ltr'>Amyntam,</span> <span class='ocrx_word' id='word_1_220' title='bbox 253 2488 424 2559; x_wconf 83' lang='lat' dir='ltr'>praetorem</span> <span class='ocrx_word' id='word_1_221' title='bbox 445 2476 616 2553; x_wconf 82' lang='lat' dir='ltr'>Alexandri,</span> <span class='ocrx_word' id='word_1_222' title='bbox 635 2479 687 2538; x_wconf 90' lang='lat' dir='ltr'>diu</span> <span class='ocrx_word' id='word_1_223' title='bbox 699 2498 810 2557; x_wconf 89' lang='lat' dir='ltr'>anceps</span> <span class='ocrx_word' id='word_1_224' title='bbox 831 2477 981 2558; x_wconf 90' lang='lat' dir='ltr'>proelium</span> <span class='ocrx_word' id='word_1_225' title='bbox 1002 2481 1151 2541; x_wconf 80' lang='lat' dir='ltr'>fecerant:</span> <span class='ocrx_word' id='word_1_226' title='bbox 1183 2475 1208 2519; x_wconf 82' lang='lat'>¹⁷</span> <span class='ocrx_word' id='word_1_227' title='bbox 1218 2482 1257 2542; x_wconf 85' lang='lat' dir='ltr'>ad</span> <span class='ocrx_word' id='word_1_228' title='bbox 1276 2482 1322 2543; x_wconf 84' lang='lat' dir='ltr'>ul·</span> 
     </span>
     <span class='ocr_line' id='line_1_25' title="bbox 64 2572 1323 2658; baseline -0.001 -17"><span class='ocrx_word' id='word_1_229' title='bbox 64 2583 169 2641; x_wconf 87' lang='lat' dir='ltr'>timum</span> <span class='ocrx_word' id='word_1_230' title='bbox 191 2576 273 2638; x_wconf 78' lang='lat' dir='ltr'>DCC</span> <span class='ocrx_word' id='word_1_231' title='bbox 292 2596 416 2636; x_wconf 89' lang='lat' dir='ltr'>suorum</span> <span class='ocrx_word' id='word_1_232' title='bbox 437 2575 569 2652; x_wconf 88' lang='lat' dir='ltr'>amissis,</span> <span class='ocrx_word' id='word_1_233' title='bbox 594 2594 721 2657; x_wconf 90' lang='lat' dir='ltr'>quorum</span> <span class='ocrx_word' id='word_1_234' title='bbox 744 2572 824 2635; x_wconf 89' lang='grc'>000</span> <span class='ocrx_word' id='word_1_235' title='bbox 855 2573 949 2635; x_wconf 87' lang='lat' dir='ltr'>hostis</span> <span class='ocrx_word' id='word_1_236' title='bbox 979 2575 1074 2654; x_wconf 89' lang='lat' dir='ltr'>cepit,</span> <span class='ocrx_word' id='word_1_237' title='bbox 1103 2575 1214 2639; x_wconf 86' lang='lat' dir='ltr'>dedere</span> <span class='ocrx_word' id='word_1_238' title='bbox 1239 2583 1323 2658; x_wconf 83' lang='lat' dir='ltr'>terga</span> 
     </span>
     <span class='ocr_line' id='line_1_26' title="bbox 64 2671 1323 2753; baseline -0.002 -15"><span class='ocrx_word' id='word_1_239' title='bbox 64 2676 245 2749; x_wconf 89' lang='lat' dir='ltr'>victoribus,</span> <span class='ocrx_word' id='word_1_240' title='bbox 270 2673 348 2733; x_wconf 89' lang='lat' dir='ltr'>haud</span> <span class='ocrx_word' id='word_1_241' title='bbox 370 2691 443 2732; x_wconf 89' lang='lat' dir='ltr'>sane</span> <span class='ocrx_word' id='word_1_242' title='bbox 465 2672 565 2748; x_wconf 89' lang='lat' dir='ltr'>inulti,</span> <span class='ocrx_word' id='word_1_243' title='bbox 587 2673 699 2753; x_wconf 90' lang='lat' dir='ltr'>quippe</span> <span class='ocrx_word' id='word_1_244' title='bbox 719 2671 846 2732; x_wconf 90' lang='lat' dir='ltr'>LXXX</span> <span class='ocrx_word' id='word_1_245' title='bbox 869 2671 1069 2733; x_wconf 87' lang='lat' dir='ltr'>Macedonum</span> <span class='ocrx_word' id='word_1_246' title='bbox 1099 2672 1323 2752; x_wconf 83' lang='lat' dir='ltr'>interfecerunt,</span> 
     </span>
     <span class='ocr_line' id='line_1_27' title="bbox 65 2761 1324 2854; baseline -0.002 -20"><span class='ocrx_word' id='word_1_247' title='bbox 65 2781 246 2854; x_wconf 90' lang='lat' dir='ltr'>praeterque</span> <span class='ocrx_word' id='word_1_248' title='bbox 265 2790 317 2831; x_wconf 91' lang='lat' dir='ltr'>eos</span> <span class='ocrx_word' id='word_1_249' title='bbox 331 2769 411 2831; x_wconf 87' lang='grc'>000</span> <span class='ocrx_word' id='word_1_250' title='bbox 430 2773 493 2830; x_wconf 84' lang='lat' dir='ltr'>eth</span> <span class='ocrx_word' id='word_1_251' title='bbox 516 2769 611 2830; x_wconf 85' lang='lat' dir='ltr'>saucii</span> <span class='ocrx_word' id='word_1_252' title='bbox 632 2768 702 2830; x_wconf 87' lang='lat' dir='ltr'>lacti</span> <span class='ocrx_word' id='word_1_253' title='bbox 723 2775 802 2830; x_wconf 89' lang='lat' dir='ltr'>sunt.</span> <span class='ocrx_word' id='word_1_254' title='bbox 841 2761 868 2806; x_wconf 75' lang='lat'>¹⁸</span> <span class='ocrx_word' id='word_1_255' title='bbox 878 2768 1004 2829; x_wconf 87' lang='lat' dir='ltr'>Veniam</span> <span class='ocrx_word' id='word_1_256' title='bbox 1024 2772 1123 2828; x_wconf 70' lang='lat' dir='ltr'>nmen</span> <span class='ocrx_word' id='word_1_257' title='bbox 1142 2769 1231 2830; x_wconf 86' lang='lat' dir='ltr'>etiam</span> <span class='ocrx_word' id='word_1_258' title='bbox 1252 2777 1324 2848; x_wconf 89' lang='lat' dir='ltr'>post</span> 
     </span>
     <span class='ocr_line' id='line_1_28' title="bbox 65 2866 676 2945; baseline -0.007 -13"><span class='ocrx_word' id='word_1_259' title='bbox 65 2872 189 2933; x_wconf 89' lang='lat' dir='ltr'>alteram</span> <span class='ocrx_word' id='word_1_260' title='bbox 211 2868 408 2927; x_wconf 87' lang='lat' dir='ltr'>defectionem</span> <span class='ocrx_word' id='word_1_261' title='bbox 433 2866 676 2945; x_wconf 87' lang='lat' dir='ltr'>impetraverunt.</span> 
     </span>
    </p>

    <p class='ocr_par' dir='ltr' id='par_1_4' title="bbox 65 2958 1401 3236">
     <span class='ocr_line' id='line_1_29' title="bbox 151 2958 1324 3043; baseline -0.001 -18"><span class='ocrx_word' id='word_1_262' title='bbox 151 2967 227 3026; x_wconf 93' lang='lat' dir='ltr'>Vlll.</span> <span class='ocrx_word' id='word_1_263' title='bbox 269 2958 357 3025; x_wconf 82' lang='lat' dir='ltr'>¹⁹llis</span> <span class='ocrx_word' id='word_1_264' title='bbox 381 2963 411 3023; x_wconf 93' lang='lat' dir='ltr'>in</span> <span class='ocrx_word' id='word_1_265' title='bbox 432 2964 520 3023; x_wconf 86' lang='lat' dir='ltr'>fidem</span> <span class='ocrx_word' id='word_1_266' title='bbox 545 2961 694 3040; x_wconf 89' lang='lat' dir='ltr'>acceptis,</span> <span class='ocrx_word' id='word_1_267' title='bbox 715 2961 743 3020; x_wconf 92' lang='lat' dir='ltr'>in</span> <span class='ocrx_word' id='word_1_268' title='bbox 761 2960 930 3039; x_wconf 84' lang='lat' dir='ltr'>regionem,</span> <span class='ocrx_word' id='word_1_269' title='bbox 955 2980 1043 3040; x_wconf 90' lang='lat' dir='ltr'>quam</span> <span class='ocrx_word' id='word_1_270' title='bbox 1062 2960 1200 3024; x_wconf 85' lang='lat' dir='ltr'>Nautaca</span> <span class='ocrx_word' id='word_1_271' title='bbox 1220 2964 1324 3043; x_wconf 81' lang='lat' dir='ltr'>appel—</span> 
     </span>
     <span class='ocr_line' id='line_1_30' title="bbox 65 3057 1323 3140; baseline -0.002 -15"><span class='ocrx_word' id='word_1_272' title='bbox 65 3067 143 3140; x_wconf 86' lang='lat' dir='ltr'>lent,</span> <span class='ocrx_word' id='word_1_273' title='bbox 172 3082 226 3123; x_wconf 90' lang='lat' dir='ltr'>rex</span> <span class='ocrx_word' id='word_1_274' title='bbox 244 3081 312 3122; x_wconf 90' lang='lat' dir='ltr'>cum</span> <span class='ocrx_word' id='word_1_275' title='bbox 338 3067 403 3121; x_wconf 88' lang='lat' dir='ltr'>toto</span> <span class='ocrx_word' id='word_1_276' title='bbox 426 3060 560 3123; x_wconf 89' lang='lat' dir='ltr'>exercitu</span> <span class='ocrx_word' id='word_1_277' title='bbox 581 3057 670 3119; x_wconf 89' lang='lat' dir='ltr'>venit.</span> <span class='ocrx_word' id='word_1_278' title='bbox 712 3057 856 3135; x_wconf 84' lang='lat' dir='ltr'>Satrapes</span> <span class='ocrx_word' id='word_1_279' title='bbox 879 3063 944 3118; x_wconf 87' lang='lat' dir='ltr'>erat</span> <span class='ocrx_word' id='word_1_280' title='bbox 962 3057 1180 3136; x_wconf 85' lang='lat' dir='ltr'>Sysimithres,</span> <span class='ocrx_word' id='word_1_281' title='bbox 1204 3060 1323 3123; x_wconf 81' lang='lat' dir='ltr'>duobus</span> 
     </span>
     <span class='ocr_line' id='line_1_31' title="bbox 66 3153 1401 3236; baseline -0.003 -14"><span class='ocrx_word' id='word_1_282' title='bbox 66 3182 105 3222; x_wconf 86' lang='lat' dir='ltr'>ex</span> <span class='ocrx_word' id='word_1_283' title='bbox 118 3180 172 3221; x_wconf 90' lang='lat' dir='ltr'>sua</span> <span class='ocrx_word' id='word_1_284' title='bbox 185 3165 278 3218; x_wconf 88' lang='lat' dir='ltr'>matre</span> <span class='ocrx_word' id='word_1_285' title='bbox 295 3157 362 3218; x_wconf 86' lang='lat' dir='ltr'>filiis</span> <span class='ocrx_word' id='word_1_286' title='bbox 376 3156 498 3235; x_wconf 89' lang='lat' dir='ltr'>genitis;</span> <span class='ocrx_word' id='word_1_287' title='bbox 520 3155 632 3236; x_wconf 90' lang='lat' dir='ltr'>quippe</span> <span class='ocrx_word' id='word_1_288' title='bbox 652 3153 734 3233; x_wconf 89' lang='lat' dir='ltr'>apud</span> <span class='ocrx_word' id='word_1_289' title='bbox 755 3172 808 3214; x_wconf 88' lang='lat' dir='ltr'>eos</span> <span class='ocrx_word' id='word_1_290' title='bbox 832 3154 1005 3234; x_wconf 87' lang='lat' dir='ltr'>parentibus</span> <span class='ocrx_word' id='word_1_291' title='bbox 1023 3161 1129 3234; x_wconf 90' lang='lat' dir='ltr'>stupro</span> <span class='ocrx_word' id='word_1_292' title='bbox 1149 3156 1234 3219; x_wconf 86' lang='lat' dir='ltr'>coire</span> <span class='ocrx_word' id='word_1_293' title='bbox 1254 3170 1323 3220; x_wconf 87' lang='lat' dir='ltr'>cunr</span> <span class='ocrx_word' id='word_1_294' title='bbox 1399 3228 1401 3233; x_wconf 88' lang='lat'><em>.</em></span> 
     </span>
    </p>
   </div>
   <div class='ocr_carea' id='block_1_3' title="bbox 65 3398 1322 3535">
    <p class='ocr_par' dir='ltr' id='par_1_5' title="bbox 65 3398 1322 3535">
     <span class='ocr_line' id='line_1_32' title="bbox 136 3398 1322 3471; baseline 0.001 -16"><span class='ocrx_word' id='word_1_295' title='bbox 136 3405 162 3467; x_wconf 83' lang='lat'>8,</span> <span class='ocrx_word' id='word_1_296' title='bbox 180 3403 206 3466; x_wconf 84' lang='lat'>6,</span> <span class='ocrx_word' id='word_1_297' title='bbox 225 3402 249 3454; x_wconf 87' lang='grc'>9.</span> <span class='ocrx_word' id='word_1_298' title='bbox 288 3403 442 3454; x_wconf 75' lang='lat' dir='ltr'>Osonibus</span> <span class='ocrx_word' id='word_1_299' title='bbox 463 3404 541 3454; x_wconf 78' lang='lat' dir='ltr'>cius.</span> <span class='ocrx_word' id='word_1_300' title='bbox 575 3399 655 3454; x_wconf 76' lang='grc' dir='ltr'>Πᾶσιν</span> <span class='ocrx_word' id='word_1_301' title='bbox 684 3405 738 3458; x_wconf 83' lang='grc' dir='ltr'><strong>τοῖς</strong></span> <span class='ocrx_word' id='word_1_302' title='bbox 762 3399 850 3471; x_wconf 65' lang='grc' dir='ltr'><strong>αὐτῆς.</strong></span> <span class='ocrx_word' id='word_1_303' title='bbox 870 3429 899 3438; x_wconf 92' lang='grc'><strong>-</strong></span> <span class='ocrx_word' id='word_1_304' title='bbox 930 3401 957 3462; x_wconf 87' lang='grc'>8,</span> <span class='ocrx_word' id='word_1_305' title='bbox 978 3398 1004 3463; x_wconf 86' lang='grc'>6,</span> <span class='ocrx_word' id='word_1_306' title='bbox 1029 3401 1069 3456; x_wconf 90' lang='grc'>11.</span> <span class='ocrx_word' id='word_1_307' title='bbox 1104 3401 1322 3458; x_wconf 69' lang='lat' dir='ltr'>delectatam.</span> 
     </span>
     <span class='ocr_line' id='line_1_33' title="bbox 65 3469 433 3535; baseline -0.011 -9"><span class='ocrx_word' id='word_1_308' title='bbox 65 3481 92 3528; x_wconf 82' lang='lat' dir='ltr'>S.</span> <span class='ocrx_word' id='word_1_309' title='bbox 116 3478 141 3524; x_wconf 86' lang='lat' dir='ltr'>C.</span> <span class='ocrx_word' id='word_1_310' title='bbox 163 3471 185 3534; x_wconf 83' lang='lat'>6,</span> <span class='ocrx_word' id='word_1_311' title='bbox 204 3471 228 3535; x_wconf 83' lang='grc'>6,</span> <span class='ocrx_word' id='word_1_312' title='bbox 242 3469 281 3522; x_wconf 66' lang='grc'>32.</span> <span class='ocrx_word' id='word_1_313' title='bbox 302 3469 329 3532; x_wconf 82' lang='grc'>9,</span> <span class='ocrx_word' id='word_1_314' title='bbox 349 3471 390 3534; x_wconf 76' lang='lat'>27,</span> <span class='ocrx_word' id='word_1_315' title='bbox 411 3471 433 3522; x_wconf 87' lang='lat' dir='ltr'>l.</span> 
     </span>
    </p>
   </div>
   <div class='ocr_carea' id='block_1_4' title="bbox 65 3557 1325 4034">
    <p class='ocr_par' dir='ltr' id='par_1_6' title="bbox 65 3557 1325 4034">
     <span class='ocr_line' id='line_1_34' title="bbox 136 3557 1324 3628; baseline -0.003 -13"><span class='ocrx_word' id='word_1_316' title='bbox 136 3565 161 3628; x_wconf 83' lang='lat'>8,</span> <span class='ocrx_word' id='word_1_317' title='bbox 182 3565 205 3625; x_wconf 90' lang='lat'>7,</span> <span class='ocrx_word' id='word_1_318' title='bbox 223 3563 263 3613; x_wconf 83' lang='grc'>13.</span> <span class='ocrx_word' id='word_1_319' title='bbox 304 3560 646 3626; x_wconf 80' lang='lat' dir='ltr'>Adcoasirmaadam</span> <span class='ocrx_word' id='word_1_320' title='bbox 665 3560 833 3627; x_wconf 84' lang='lat' dir='ltr'>pudorem.</span> <span class='ocrx_word' id='word_1_321' title='bbox 871 3557 930 3611; x_wconf 81' lang='lat' dir='ltr'>wie</span> <span class='ocrx_word' id='word_1_322' title='bbox 957 3561 1061 3612; x_wconf 82' lang='lat' dir='ltr'>verhlilt</span> <span class='ocrx_word' id='word_1_323' title='bbox 1086 3561 1143 3611; x_wconf 81' lang='lat' dir='ltr'>sich</span> <span class='ocrx_word' id='word_1_324' title='bbox 1167 3561 1236 3613; x_wconf 84' lang='lat' dir='ltr'>dazu</span> <span class='ocrx_word' id='word_1_325' title='bbox 1263 3563 1324 3612; x_wconf 80' lang='lat' dir='ltr'>arsi-</span> 
     </span>
     <span class='ocr_line' id='line_1_35' title="bbox 65 3625 1324 3696; baseline -0.004 -11"><span class='ocrx_word' id='word_1_326' title='bbox 65 3651 134 3685; x_wconf 85' lang='lat' dir='ltr'>mara</span> <span class='ocrx_word' id='word_1_327' title='bbox 151 3630 324 3696; x_wconf 78' lang='lat' dir='ltr'>confir-snare?</span> <span class='ocrx_word' id='word_1_328' title='bbox 343 3659 371 3666; x_wconf 96' lang='lat'><em>-</em></span> <span class='ocrx_word' id='word_1_329' title='bbox 402 3631 538 3679; x_wconf 86' lang='lat' dir='ltr'>hiemem</span> <span class='ocrx_word' id='word_1_330' title='bbox 563 3632 611 3680; x_wconf 89' lang='lat' dir='ltr'>des</span> <span class='ocrx_word' id='word_1_331' title='bbox 628 3629 723 3679; x_wconf 81' lang='lat' dir='ltr'>sames</span> <span class='ocrx_word' id='word_1_332' title='bbox 742 3625 894 3678; x_wconf 69' lang='lat'><strong>328-327</strong></span> <span class='ocrx_word' id='word_1_333' title='bbox 917 3642 942 3679; x_wconf 81' lang='lat' dir='ltr'>v,</span> <span class='ocrx_word' id='word_1_334' title='bbox 963 3630 1022 3679; x_wconf 87' lang='lat' dir='ltr'>Chr.</span> <span class='ocrx_word' id='word_1_335' title='bbox 1045 3627 1108 3679; x_wconf 86' lang='lat' dir='ltr'>Geb.</span> <span class='ocrx_word' id='word_1_336' title='bbox 1125 3655 1155 3666; x_wconf 85' lang='lat'>—</span> <span class='ocrx_word' id='word_1_337' title='bbox 1187 3627 1214 3691; x_wconf 85' lang='lat'>8,</span> <span class='ocrx_word' id='word_1_338' title='bbox 1234 3628 1261 3690; x_wconf 88' lang='lat'>7,</span> <span class='ocrx_word' id='word_1_339' title='bbox 1283 3628 1324 3681; x_wconf 71' lang='lat' dir='ltr'>ld.</span> 
     </span>
     <span class='ocr_line' id='line_1_36' title="bbox 67 3696 1324 3767; baseline -0.002 -15"><span class='ocrx_word' id='word_1_340' title='bbox 67 3702 236 3767; x_wconf 75' lang='lat' dir='ltr'>Xenippa.</span> <span class='ocrx_word' id='word_1_341' title='bbox 272 3700 496 3749; x_wconf 85' lang='lat' dir='ltr'>Wahrscheinlich</span> <span class='ocrx_word' id='word_1_342' title='bbox 517 3699 563 3747; x_wconf 88' lang='lat' dir='ltr'>hat</span> <span class='ocrx_word' id='word_1_343' title='bbox 589 3711 651 3746; x_wconf 88' lang='lat' dir='ltr'>men</span> <span class='ocrx_word' id='word_1_344' title='bbox 673 3697 746 3746; x_wconf 89' lang='lat' dir='ltr'>diese</span> <span class='ocrx_word' id='word_1_345' title='bbox 766 3696 874 3760; x_wconf 84' lang='lat' dir='ltr'>Gegend</span> <span class='ocrx_word' id='word_1_346' title='bbox 895 3698 981 3747; x_wconf 82' lang='lat' dir='ltr'>nicht·</span> <span class='ocrx_word' id='word_1_347' title='bbox 995 3697 1033 3746; x_wconf 83' lang='lat' dir='ltr'>im</span> <span class='ocrx_word' id='word_1_348' title='bbox 1050 3696 1158 3746; x_wconf 86' lang='lat' dir='ltr'>Norden</span> <span class='ocrx_word' id='word_1_349' title='bbox 1177 3698 1324 3765; x_wconf 74' lang='lat' dir='ltr'>Sogdlmas</span> 
     </span>
     <span class='ocr_line' id='line_1_37' title="bbox 67 3762 1325 3826; baseline -0.004 -5"><span class='ocrx_word' id='word_1_350' title='bbox 67 3786 102 3821; x_wconf 89' lang='lat' dir='ltr'>zu</span> <span class='ocrx_word' id='word_1_351' title='bbox 124 3771 234 3826; x_wconf 86' lang='lat' dir='ltr'>sochen,</span> <span class='ocrx_word' id='word_1_352' title='bbox 258 3768 378 3816; x_wconf 87' lang='lat' dir='ltr'>westlich</span> <span class='ocrx_word' id='word_1_353' title='bbox 398 3781 450 3815; x_wconf 92' lang='lat' dir='ltr'>von</span> <span class='ocrx_word' id='word_1_354' title='bbox 469 3767 518 3816; x_wconf 91' lang='lat' dir='ltr'>der</span> <span class='ocrx_word' id='word_1_355' title='bbox 536 3768 641 3814; x_wconf 87' lang='lat' dir='ltr'>Strasse</span> <span class='ocrx_word' id='word_1_356' title='bbox 668 3766 737 3814; x_wconf 87' lang='lat' dir='ltr'>nach</span> <span class='ocrx_word' id='word_1_357' title='bbox 755 3765 865 3826; x_wconf 86' lang='lat' dir='ltr'>Kojend,</span> <span class='ocrx_word' id='word_1_358' title='bbox 891 3762 1009 3814; x_wconf 83' lang='lat' dir='ltr'>sondern</span> <span class='ocrx_word' id='word_1_359' title='bbox 1036 3765 1072 3813; x_wconf 87' lang='lat' dir='ltr'>im</span> <span class='ocrx_word' id='word_1_360' title='bbox 1090 3765 1179 3825; x_wconf 80' lang='lat' dir='ltr'>Oeten,</span> <span class='ocrx_word' id='word_1_361' title='bbox 1204 3767 1274 3816; x_wconf 76' lang='lat' dir='ltr'>elwa</span> <span class='ocrx_word' id='word_1_362' title='bbox 1298 3764 1325 3816; x_wconf 88' lang='lat' dir='ltr'>ln</span> 
     </span>
     <span class='ocr_line' id='line_1_38' title="bbox 67 3826 1325 3898; baseline -0.006 -9"><span class='ocrx_word' id='word_1_363' title='bbox 67 3842 122 3890; x_wconf 86' lang='lat' dir='ltr'>den</span> <span class='ocrx_word' id='word_1_364' title='bbox 135 3836 385 3898; x_wconf 86' lang='lat' dir='ltr'>Gebirgsdistrlcten</span> <span class='ocrx_word' id='word_1_365' title='bbox 398 3835 496 3895; x_wconf 89' lang='lat' dir='ltr'>llissar,</span> <span class='ocrx_word' id='word_1_366' title='bbox 516 3833 626 3881; x_wconf 81' lang='lat' dir='ltr'>dhutlan</span> <span class='ocrx_word' id='word_1_367' title='bbox 648 3832 714 3880; x_wconf 91' lang='lat' dir='ltr'>oder</span> <span class='ocrx_word' id='word_1_368' title='bbox 726 3832 869 3894; x_wconf 83' lang='lat' dir='ltr'>Karatigin.</span> <span class='ocrx_word' id='word_1_369' title='bbox 882 3858 914 3867; x_wconf 94' lang='lat'>-—</span> <span class='ocrx_word' id='word_1_370' title='bbox 930 3826 1089 3898; x_wconf 82' lang='lat' dir='ltr'>pluribus</span> <span class='ocrx_word' id='word_1_371' title='bbox 1108 3845 1146 3880; x_wconf 87' lang='lat' dir='ltr'>ac</span> <span class='ocrx_word' id='word_1_372' title='bbox 1160 3831 1325 3897; x_wconf 73' lang='lat' dir='ltr'>frequen-</span> 
     </span>
     <span class='ocr_line' id='line_1_39' title="bbox 69 3898 1325 3964; baseline -0.003 -10"><span class='ocrx_word' id='word_1_373' title='bbox 69 3905 168 3956; x_wconf 79' lang='lat' dir='ltr'>tibus.</span> <span class='ocrx_word' id='word_1_374' title='bbox 204 3905 251 3952; x_wconf 86' lang='lat' dir='ltr'>Die</span> <span class='ocrx_word' id='word_1_375' title='bbox 271 3902 445 3964; x_wconf 84' lang='lat' dir='ltr'>Verbindnng</span> <span class='ocrx_word' id='word_1_376' title='bbox 465 3900 512 3950; x_wconf 91' lang='lat' dir='ltr'>des</span> <span class='ocrx_word' id='word_1_377' title='bbox 531 3899 700 3961; x_wconf 84' lang='lat' dir='ltr'>Comparativ</span> <span class='ocrx_word' id='word_1_378' title='bbox 719 3900 775 3948; x_wconf 90' lang='lat' dir='ltr'>und</span> <span class='ocrx_word' id='word_1_379' title='bbox 792 3899 894 3949; x_wconf 86' lang='lat' dir='ltr'>Positiv</span> <span class='ocrx_word' id='word_1_380' title='bbox 912 3900 948 3949; x_wconf 88' lang='lat' dir='ltr'>ist</span> <span class='ocrx_word' id='word_1_381' title='bbox 966 3900 992 3947; x_wconf 89' lang='lat' dir='ltr'>in</span> <span class='ocrx_word' id='word_1_382' title='bbox 1009 3898 1117 3948; x_wconf 65' lang='lat' dir='ltr'>sotem</span> <span class='ocrx_word' id='word_1_383' title='bbox 1135 3899 1257 3963; x_wconf 72' lang='lat' dir='ltr'>zulasslg,</span> <span class='ocrx_word' id='word_1_384' title='bbox 1286 3901 1325 3951; x_wconf 86' lang='lat' dir='ltr'>als</span> 
     </span>
     <span class='ocr_line' id='line_1_40' title="bbox 68 3961 1256 4034; baseline -0.008 -10"><span class='ocrx_word' id='word_1_385' title='bbox 68 3977 113 4025; x_wconf 88' lang='lat' dir='ltr'>die</span> <span class='ocrx_word' id='word_1_386' title='bbox 131 3973 280 4034; x_wconf 88' lang='lat' dir='ltr'>Beziehung</span> <span class='ocrx_word' id='word_1_387' title='bbox 298 3971 346 4019; x_wconf 87' lang='lat' dir='ltr'>der</span> <span class='ocrx_word' id='word_1_388' title='bbox 363 3969 460 4019; x_wconf 84' lang='lat' dir='ltr'>beiden</span> <span class='ocrx_word' id='word_1_389' title='bbox 482 3968 618 4030; x_wconf 78' lang='lat' dir='ltr'>adjective</span> <span class='ocrx_word' id='word_1_390' title='bbox 637 3966 696 4015; x_wconf 86' lang='lat' dir='ltr'>eine</span> <span class='ocrx_word' id='word_1_391' title='bbox 713 3978 778 4029; x_wconf 81' lang='lat' dir='ltr'>ganz</span> <span class='ocrx_word' id='word_1_392' title='bbox 796 3966 988 4017; x_wconf 78' lang='lat' dir='ltr'>verschiedene</span> <span class='ocrx_word' id='word_1_393' title='bbox 1003 3967 1047 4016; x_wconf 87' lang='lat' dir='ltr'>ist.</span> <span class='ocrx_word' id='word_1_394' title='bbox 1068 3967 1094 4014; x_wconf 85' lang='lat' dir='ltr'>S.</span> <span class='ocrx_word' id='word_1_395' title='bbox 1113 3961 1137 4027; x_wconf 84' lang='lat'>3,</span> <span class='ocrx_word' id='word_1_396' title='bbox 1155 3962 1180 4026; x_wconf 72' lang='lat' dir='ltr'>h,</span> <span class='ocrx_word' id='word_1_397' title='bbox 1201 3962 1256 4015; x_wconf 79' lang='lat' dir='ltr'>lt..</span> 
     </span>
    </p>
   </div>
   <div class='ocr_carea' id='block_1_5' title="bbox 67 4048 1325 4193">
    <p class='ocr_par' dir='ltr' id='par_1_7' title="bbox 67 4048 1325 4193">
     <span class='ocr_line' id='line_1_41' title="bbox 137 4048 1325 4124; baseline -0.005 -12"><span class='ocrx_word' id='word_1_398' title='bbox 137 4059 161 4124; x_wconf 79' lang='lat'>8,</span> <span class='ocrx_word' id='word_1_399' title='bbox 180 4061 204 4123; x_wconf 90' lang='lat'>7,</span> <span class='ocrx_word' id='word_1_400' title='bbox 225 4059 264 4111; x_wconf 82' lang='lat'>15.</span> <span class='ocrx_word' id='word_1_401' title='bbox 301 4058 492 4124; x_wconf 68' lang='lat' dir='ltr'>Quingenti.</span> <span class='ocrx_word' id='word_1_402' title='bbox 512 4058 553 4108; x_wconf 83' lang='lat' dir='ltr'>l&#39;.:</span> <span class='ocrx_word' id='word_1_403' title='bbox 578 4056 685 4108; x_wconf 77' lang='lat' dir='ltr'>discenti.</span> <span class='ocrx_word' id='word_1_404' title='bbox 709 4083 739 4093; x_wconf 91' lang='lat'><em>-</em></span> <span class='ocrx_word' id='word_1_405' title='bbox 756 4054 782 4120; x_wconf 84' lang='lat'>8,</span> <span class='ocrx_word' id='word_1_406' title='bbox 800 4055 825 4120; x_wconf 89' lang='lat'>7,</span> <span class='ocrx_word' id='word_1_407' title='bbox 847 4053 887 4107; x_wconf 87' lang='lat'>18.</span> <span class='ocrx_word' id='word_1_408' title='bbox 907 4054 1076 4107; x_wconf 80' lang='lat' dir='ltr'>Alteram.</span> <span class='ocrx_word' id='word_1_409' title='bbox 1094 4056 1120 4107; x_wconf 86' lang='lat' dir='ltr'>S.</span> <span class='ocrx_word' id='word_1_410' title='bbox 1138 4053 1163 4118; x_wconf 95' lang='lat'>7,</span> <span class='ocrx_word' id='word_1_411' title='bbox 1181 4048 1223 4119; x_wconf 69' lang='lat'>26,</span> <span class='ocrx_word' id='word_1_412' title='bbox 1241 4050 1280 4106; x_wconf 81' lang='lat'>13.</span> <span class='ocrx_word' id='word_1_413' title='bbox 1298 4050 1325 4118; x_wconf 88' lang='lat'>7,</span> 
     </span>
     <span class='ocr_line' id='line_1_42' title="bbox 67 4123 540 4193; baseline -0.017 -11"><span class='ocrx_word' id='word_1_414' title='bbox 67 4131 110 4193; x_wconf 69' lang='lat'>29,</span> <span class='ocrx_word' id='word_1_415' title='bbox 131 4127 155 4181; x_wconf 85' lang='grc'>6.</span> <span class='ocrx_word' id='word_1_416' title='bbox 173 4129 197 4192; x_wconf 89' lang='lat'>7,</span> <span class='ocrx_word' id='word_1_417' title='bbox 217 4126 260 4189; x_wconf 67' lang='lat'>32,</span> <span class='ocrx_word' id='word_1_418' title='bbox 279 4127 319 4178; x_wconf 81' lang='lat'>31.</span> <span class='ocrx_word' id='word_1_419' title='bbox 337 4126 362 4189; x_wconf 87' lang='lat'>7,</span> <span class='ocrx_word' id='word_1_420' title='bbox 378 4125 421 4188; x_wconf 74' lang='lat'>40,</span> <span class='ocrx_word' id='word_1_421' title='bbox 442 4125 482 4178; x_wconf 87' lang='lat'>10.</span> <span class='ocrx_word' id='word_1_422' title='bbox 501 4123 540 4176; x_wconf 88' lang='lat'>13.</span> 
     </span>
    </p>
   </div>
   <div class='ocr_carea' id='block_1_6' title="bbox 68 4213 1330 4679">
    <p class='ocr_par' dir='ltr' id='par_1_8' title="bbox 68 4213 1330 4679">
     <span class='ocr_line' id='line_1_43' title="bbox 138 4213 1326 4283; baseline -0.007 -12"><span class='ocrx_word' id='word_1_423' title='bbox 138 4219 164 4282; x_wconf 78' lang='lat' dir='ltr'>S,</span> <span class='ocrx_word' id='word_1_424' title='bbox 185 4219 208 4283; x_wconf 75' lang='lat'>8,</span> <span class='ocrx_word' id='word_1_425' title='bbox 229 4218 268 4270; x_wconf 90' lang='lat'>19.</span> <span class='ocrx_word' id='word_1_426' title='bbox 297 4219 462 4269; x_wconf 84' lang='lat' dir='ltr'>Nautaca.</span> <span class='ocrx_word' id='word_1_427' title='bbox 491 4218 530 4268; x_wconf 59' lang='lat'>1⁴1:</span> <span class='ocrx_word' id='word_1_428' title='bbox 557 4216 666 4265; x_wconf 46' lang='lat' dir='ltr'>Nauia*</span> <span class='ocrx_word' id='word_1_429' title='bbox 688 4216 781 4265; x_wconf 87' lang='lat' dir='ltr'>Beldes</span> <span class='ocrx_word' id='word_1_430' title='bbox 801 4217 837 4266; x_wconf 90' lang='lat' dir='ltr'>ist</span> <span class='ocrx_word' id='word_1_431' title='bbox 855 4217 928 4279; x_wconf 80' lang='lat' dir='ltr'>conj.</span> <span class='ocrx_word' id='word_1_432' title='bbox 961 4217 1011 4266; x_wconf 89' lang='lat' dir='ltr'>Die</span> <span class='ocrx_word' id='word_1_433' title='bbox 1030 4215 1113 4266; x_wconf 87' lang='lat' dir='ltr'>codd.</span> <span class='ocrx_word' id='word_1_434' title='bbox 1130 4213 1217 4265; x_wconf 86' lang='lat' dir='ltr'>haben</span> <span class='ocrx_word' id='word_1_435' title='bbox 1237 4213 1326 4278; x_wconf 72' lang='lat' dir='ltr'>Natat,</span> 
     </span>
     <span class='ocr_line' id='line_1_44' title="bbox 68 4275 1328 4351; baseline -0.006 -11"><span class='ocrx_word' id='word_1_436' title='bbox 68 4292 139 4340; x_wconf 91' lang='lat' dir='ltr'>oder</span> <span class='ocrx_word' id='word_1_437' title='bbox 156 4289 252 4351; x_wconf 76' lang='lat' dir='ltr'>Nacta,</span> <span class='ocrx_word' id='word_1_438' title='bbox 272 4289 387 4339; x_wconf 85' lang='lat' dir='ltr'>welches</span> <span class='ocrx_word' id='word_1_439' title='bbox 406 4287 455 4336; x_wconf 91' lang='lat' dir='ltr'>der</span> <span class='ocrx_word' id='word_1_440' title='bbox 469 4285 616 4348; x_wconf 82' lang='lat' dir='ltr'>gewahlten</span> <span class='ocrx_word' id='word_1_441' title='bbox 636 4285 727 4333; x_wconf 88' lang='lat' dir='ltr'>Lesarl</span> <span class='ocrx_word' id='word_1_442' title='bbox 747 4285 816 4334; x_wconf 75' lang='lat' dir='ltr'>nahe</span> <span class='ocrx_word' id='word_1_443' title='bbox 834 4296 921 4347; x_wconf 81' lang='lat' dir='ltr'>genug</span> <span class='ocrx_word' id='word_1_444' title='bbox 938 4283 1049 4334; x_wconf 75' lang='lat' dir='ltr'>kommt</span> <span class='ocrx_word' id='word_1_445' title='bbox 1083 4275 1251 4334; x_wconf 69' lang='grc' dir='ltr'><strong>Ναύτακα</strong></span> <span class='ocrx_word' id='word_1_446' title='bbox 1270 4296 1328 4333; x_wconf 84' lang='lat' dir='ltr'>war</span> 
     </span>
     <span class='ocr_line' id='line_1_45' title="bbox 69 4349 1327 4418; baseline -0.006 -11"><span class='ocrx_word' id='word_1_447' title='bbox 69 4360 115 4408; x_wconf 90' lang='lat' dir='ltr'>ein</span> <span class='ocrx_word' id='word_1_448' title='bbox 136 4359 182 4408; x_wconf 87' lang='lat' dir='ltr'>Ort</span> <span class='ocrx_word' id='word_1_449' title='bbox 200 4371 251 4406; x_wconf 93' lang='lat' dir='ltr'>von</span> <span class='ocrx_word' id='word_1_450' title='bbox 269 4356 426 4418; x_wconf 84' lang='lat' dir='ltr'>Bedeutrmg</span> <span class='ocrx_word' id='word_1_451' title='bbox 436 4354 530 4403; x_wconf 89' lang='lat' dir='ltr'>mitten</span> <span class='ocrx_word' id='word_1_452' title='bbox 550 4355 576 4401; x_wconf 90' lang='lat' dir='ltr'>in</span> <span class='ocrx_word' id='word_1_453' title='bbox 588 4351 862 4414; x_wconf 79' lang='lat' dir='ltr'>Sogdianazdortbln</span> <span class='ocrx_word' id='word_1_454' title='bbox 881 4350 934 4400; x_wconf 83' lang='lat' dir='ltr'>ssoh</span> <span class='ocrx_word' id='word_1_455' title='bbox 945 4351 1051 4412; x_wconf 85' lang='lat' dir='ltr'>Bessus,</span> <span class='ocrx_word' id='word_1_456' title='bbox 1070 4350 1108 4401; x_wconf 89' lang='lat' dir='ltr'>als</span> <span class='ocrx_word' id='word_1_457' title='bbox 1120 4350 1164 4400; x_wconf 89' lang='lat' dir='ltr'>ihn</span> <span class='ocrx_word' id='word_1_458' title='bbox 1179 4349 1223 4400; x_wconf 90' lang='lat' dir='ltr'>die</span> <span class='ocrx_word' id='word_1_459' title='bbox 1235 4351 1327 4399; x_wconf 85' lang='lat' dir='ltr'>Nach-</span> 
     </span>
     <span class='ocr_line' id='line_1_46' title="bbox 68 4414 1328 4481; baseline -0.006 -6"><span class='ocrx_word' id='word_1_460' title='bbox 68 4426 142 4475; x_wconf 88' lang='lat' dir='ltr'>richt</span> <span class='ocrx_word' id='word_1_461' title='bbox 158 4439 210 4475; x_wconf 87' lang='lat' dir='ltr'>ven</span> <span class='ocrx_word' id='word_1_462' title='bbox 228 4425 298 4475; x_wconf 75' lang='lat' dir='ltr'>Alex.</span> <span class='ocrx_word' id='word_1_463' title='bbox 318 4422 435 4474; x_wconf 78' lang='lat' dir='ltr'>Ankuntt</span> <span class='ocrx_word' id='word_1_464' title='bbox 453 4421 568 4471; x_wconf 88' lang='lat' dir='ltr'>erreicht</span> <span class='ocrx_word' id='word_1_465' title='bbox 585 4420 658 4470; x_wconf 89' lang='lat' dir='ltr'>hatte</span> <span class='ocrx_word' id='word_1_466' title='bbox 678 4420 707 4479; x_wconf 85' lang='lat' dir='ltr'>(s.</span> <span class='ocrx_word' id='word_1_467' title='bbox 728 4424 785 4470; x_wconf 75' lang='lat' dir='ltr'>arr.</span> <span class='ocrx_word' id='word_1_468' title='bbox 803 4414 828 4480; x_wconf 81' lang='grc'>3,</span> <span class='ocrx_word' id='word_1_469' title='bbox 847 4415 889 4481; x_wconf 72' lang='lat'>28,</span> <span class='ocrx_word' id='word_1_470' title='bbox 908 4414 948 4480; x_wconf 77' lang='lat'>9),</span> <span class='ocrx_word' id='word_1_471' title='bbox 968 4418 1023 4468; x_wconf 90' lang='lat' dir='ltr'>und</span> <span class='ocrx_word' id='word_1_472' title='bbox 1041 4419 1068 4468; x_wconf 91' lang='lat' dir='ltr'>in</span> <span class='ocrx_word' id='word_1_473' title='bbox 1090 4418 1138 4468; x_wconf 88' lang='lat' dir='ltr'>der</span> <span class='ocrx_word' id='word_1_474' title='bbox 1154 4417 1263 4481; x_wconf 74' lang='lat' dir='ltr'>(legend</span> <span class='ocrx_word' id='word_1_475' title='bbox 1281 4427 1328 4468; x_wconf 86' lang='lat' dir='ltr'>um</span> 
     </span>
     <span class='ocr_line' id='line_1_47' title="bbox 68 4484 1330 4550; baseline -0.007 -7"><span class='ocrx_word' id='word_1_476' title='bbox 68 4496 191 4543; x_wconf 85' lang='lat' dir='ltr'>Nautaca</span> <span class='ocrx_word' id='word_1_477' title='bbox 217 4493 281 4543; x_wconf 89' lang='lat' dir='ltr'>hielt</span> <span class='ocrx_word' id='word_1_478' title='bbox 298 4492 446 4542; x_wconf 78' lang='lat' dir='ltr'>Alexander</span> <span class='ocrx_word' id='word_1_479' title='bbox 473 4490 561 4540; x_wconf 84' lang='lat' dir='ltr'>dieses</span> <span class='ocrx_word' id='word_1_480' title='bbox 580 4486 644 4537; x_wconf 83' lang='lat' dir='ltr'>Jahn</span> <span class='ocrx_word' id='word_1_481' title='bbox 667 4487 742 4539; x_wconf 84' lang='lat' dir='ltr'>selue</span> <span class='ocrx_word' id='word_1_482' title='bbox 760 4487 1008 4550; x_wconf 85' lang='lat' dir='ltr'>Winterquarttere.</span> <span class='ocrx_word' id='word_1_483' title='bbox 1047 4484 1274 4537; x_wconf 84' lang='lat' dir='ltr'>Wahrscheinllch</span> <span class='ocrx_word' id='word_1_484' title='bbox 1294 4486 1330 4535; x_wconf 91' lang='lat' dir='ltr'>ist</span> 
     </span>
     <span class='ocr_line' id='line_1_48' title="bbox 71 4553 1329 4620; baseline -0.007 -9"><span class='ocrx_word' id='word_1_485' title='bbox 71 4563 162 4611; x_wconf 87' lang='lat' dir='ltr'>dieses</span> <span class='ocrx_word' id='word_1_486' title='bbox 184 4561 264 4611; x_wconf 85' lang='lat' dir='ltr'>Lokal</span> <span class='ocrx_word' id='word_1_487' title='bbox 280 4561 314 4610; x_wconf 77' lang='lat' dir='ltr'>‘in</span> <span class='ocrx_word' id='word_1_488' title='bbox 343 4560 391 4609; x_wconf 89' lang='lat' dir='ltr'>der</span> <span class='ocrx_word' id='word_1_489' title='bbox 418 4559 529 4609; x_wconf 89' lang='lat' dir='ltr'>Provinz</span> <span class='ocrx_word' id='word_1_490' title='bbox 556 4555 626 4620; x_wconf 77' lang='lat' dir='ltr'>Kesb</span> <span class='ocrx_word' id='word_1_491' title='bbox 650 4566 683 4607; x_wconf 87' lang='lat' dir='ltr'>zu</span> <span class='ocrx_word' id='word_1_492' title='bbox 707 4555 807 4606; x_wconf 90' lang='lat' dir='ltr'>suchen</span> <span class='ocrx_word' id='word_1_493' title='bbox 835 4553 968 4605; x_wconf 87' lang='lat' dir='ltr'>zwtschen</span> <span class='ocrx_word' id='word_1_494' title='bbox 992 4553 1156 4605; x_wconf 74' lang='lat' dir='ltr'>samartand</span> <span class='ocrx_word' id='word_1_495' title='bbox 1185 4554 1240 4604; x_wconf 88' lang='lat' dir='ltr'>und</span> <span class='ocrx_word' id='word_1_496' title='bbox 1268 4553 1329 4604; x_wconf 89' lang='lat' dir='ltr'>dem</span> 
     </span>
     <span class='ocr_line' id='line_1_49' title="bbox 72 4631 1165 4679; baseline -0.006 -1"><span class='ocrx_word' id='word_1_497' title='bbox 72 4631 154 4679; x_wconf 89' lang='lat' dir='ltr'>Oxus.</span> <span class='ocrx_word' id='word_1_498' title='bbox 1162 4632 1165 4638; x_wconf 88' lang='grc'><em>·</em></span> 
     </span>
    </p>
   </div>
   <div class='ocr_carea' id='block_1_7' title="bbox 1095 4688 1132 4748">
    <p class='ocr_par' dir='ltr' id='par_1_9' title="bbox 1095 4688 1132 4748">
     <span class='ocr_line' id='line_1_50' title="bbox 1095 4688 1132 4748; baseline 0.027 -1"><span class='ocrx_word' id='word_1_499' title='bbox 1095 4688 1132 4748; x_wconf 86' lang='grc'>17</span> 
     </span>
    </p>
   </div>
   <div class='ocr_carea' id='block_1_8' title="bbox 0 0 1427 4964">
    <p class='ocr_par' dir='ltr' id='par_1_10' title="bbox 0 0 1427 4964">
     <span class='ocr_line' id='line_1_51' title="bbox 0 0 1427 4964; baseline 0 0"><span class='ocrx_word' id='word_1_500' title='bbox 0 0 1427 4964; x_wconf 95' lang='lat' dir='ltr'> </span> 
     </span>
    </p>
   </div>
  </div>
 </body>
</html>
