2820 4964
113 158 179 225 aar
556 159 620 255 a.
650 157 790 221 curru
811 158 908 223 nun

115 328 199 390 velut
220 332 325 406 erepto
347 346 385 387 eo
407 325 560 404 ingemuit.
597 323 624 366 ²³
632 326 693 389 Sed
713 328 840 401 invictus
854 327 999 389 adversus
1018 344 1063 402 ea,
1087 331 1297 411 quaecpteros
1320 334 1376 389 ter-

116 432 191 500 rent,
213 425 346 485 nondum
366 429 526 502 percurato
550 423 682 500 vulnere,
712 425 812 484 aerina
833 420 985 513 obsidioni
1001 422 1115 498 Institit,
1141 422 1311 483 naturalem
1329 446 1377 485 ce

115 522 263 583 leritatem
285 521 330 579 Ira
350 517 527 579 concitante.
571 519 719 580 Cuniculo
747 539 820 599 ergo
851 519 980 581 suffossa
1000 519 1120 579 moenia
1149 518 1257 598 ingens
1282 520 1376 580 nuda

116 638 187 679 vere
210 616 349 695 spatium,
370 633 426 693 per
446 615 529 694 quod
551 614 668 694 irrupit,
689 615 852 696 victorque
867 614 973 676 urbem
992 614 1071 675 dirui
1092 614 1186 677 iussit.

198 712 343 773 XXVIII.
369 703 482 771 24Hinc
501 709 710 771 Menedemum
736 732 805 771 cum
834 712 875 772 III
900 710 1020 772 milibus
1049 711 1185 789 pediturn
1211 718 1244 773 et
1267 711 1374 775 DCCC

115 809 265 890 equitibus
292 808 331 867 ad
362 807 469 868 urbem
489 807 671 869 Maracanda
699 807 787 869 misit
830 808 1018 886 Spitamenes
1041 809 1196 886 transfuga
1223 808 1374 886 praesidio

114 905 315 967 Macedonum
338 901 407 962 inde
433 902 561 977 deiecto,
583 902 676 963 muris
698 903 782 965 urbis
803 903 868 965 eius
890 902 1053 965 incluserat
1067 913 1117 979 'se,
1150 904 1231 964 haud
1250 904 1373 983 oppida-

110 1004 161 1064 nis
183 1000 340 1062 consilium
364 998 539 1059 defectionis
560 999 805 1077 approbantibus.
849 999 943 1080 Sequi
967 1006 1066 1067 umen
1090 999 1279 1075 videbantur,
1307 1001 1373 1080 qnia

115 1081 276 1178 prbhibere
295 1115 356 1155 non
379 1100 525 1171 poterant.
562 1088 717 1155 2⁵1nterim
735 1095 906 1157 Alexander
934 1097 973 1156 ad
992 1097 1115 1156 Tanaim
1146 1115 1267 1157 amarem
1289 1096 1372 1172 redit,

115 1202 146 1255 et
166 1198 308 1272 quantum
339 1188 398 1251 soli
423 1196 645 1269 occupaverant
672 1192 787 1268 castris,
815 1212 902 1253 muro
930 1191 1136 1253 circumdedit.
1177 1192 1238 1253 LX
1264 1191 1373 1253 stadio

114 1311 183 1352 rum
200 1287 284 1349 urbis
306 1305 410 1347 murus
431 1285 502 1346 fuit:
531 1287 608 1347 hanc
629 1306 751 1366 quoqne
778 1289 883 1349 urbem
904 1287 1117 1349 Alexandriam
1142 1286 1293 1366 appellari
1316 1286 1373 1349 ius

115 1387 162 1448 sit.
194 1380 222 1423 ²⁶
230 1386 317 1462 Opus
334 1387 416 1443 tanta
435 1381 588 1443 celeritate
609 1383 778 1461 perlectum
798 1390 852 1459 est,
873 1390 906 1445 ut
926 1382 1186 1462 decimoseptimo
1209 1382 1269 1459 die,
1286 1402 1372 1463 quam

114 1479 297 1543 munimenta
321 1478 448 1539 excitata
468 1483 560 1553 erant,
580 1485 660 1539 tecta
677 1499 797 1561 quoque
818 1479 902 1541 urbis
919 1480 1153 1541 absolverentur.
1190 1480 1302 1558 Ingens
1322 1482 1373 1539 mi-

114 1578 201 1638 litum
218 1581 369 1637 certamen
394 1574 472 1635 inter
496 1574 581 1653 ipsos
606 1575 711 1651 suerat,
740 1581 774 1637 ut
801 1595 889 1637 suum
914 1576 1052 1663 quisque¹
1066 1595 1175 1637 munus
1194 1576 1280 1655 (nam
1301 1576 1372 1636 divi-

114 1695 180 1736 sum
204 1673 281 1749 erat)
303 1669 418 1748 primus
440 1670 620 1731 ostenderet.
657 1665 813 1733 ²⁷hr'colac
838 1691 936 1734 novae
961 1672 1031 1733 urbi
1060 1671 1121 1733 dati
1149 1673 1271 1751 captivi,
1297 1693 1371 1753 qnos

114 1770 232 1832 reddito
252 1766 349 1846 pretIc
370 1765 498 1825 dominis
519 1765 664 1842 liberavit,
687 1787 815 1847 quorum
837 1767 952 1846 posteri
974 1787 1054 1829 nnnc
1075 1786 1197 1847 quoque
1214 1788 1280 1831 non
1293 1771 1371 1848 apud

115 1887 168 1929 eos
188 1872 249 1925 tam
270 1862 362 1940 longa
383 1869 479 1923 aetate
502 1868 629 1941 propter
647 1863 820 1923 memoriam
839 1862 1003 1925 Alexandri
1022 1863 1226 1927 exoleverunt.

197 1959 320 2021 XXIX.
364 1953 470 2019 v¹¹=¹At
489 1978 543 2018 rex
565 1959 753 2036 Scytharum,
779 1959 865 2019 cuius
888 1964 950 2020 tum
971 1959 1052 2021 ultra
1070 1959 1194 2020 Tanaim
1213 1961 1370 2041 imperium

114 2066 186 2136 erat,
219 2063 302 2117 ratus
327 2075 392 2115 eam
416 2054 529 2130 urbem,
565 2073 654 2133 quam
679 2052 710 2113 in
737 2054 804 2133 ripa
831 2054 925 2115 amnis
953 2055 1136 2115 Macedones
1149 2058 1152 2063 ’
1166 2058 1369 2134 condiderant,

114 2157 176 2219 suis
196 2152 367 2231 impositam
388 2170 454 2212 esse
477 2149 654 2225 cervicibus,
684 2151 805 2211 fratrem
827 2151 993 2213 Carthasim
1019 2150 1142 2212 nomine
1167 2172 1237 2215 cum
1266 2174 1369 2233 magua

114 2251 245 2332 equitum
264 2267 354 2307 manu
376 2247 455 2308 misit
484 2246 523 2307 ad
548 2246 722 2306 diruendam
751 2266 815 2306 eam
842 2247 1011 2328 proculque
1035 2267 1121 2308 amne
1149 2249 1368 2313 submovendas

114 2347 314 2408 Macedonum
340 2344 452 2423 copias.
497 2338 695 2403 ²Bactrianos
722 2341 831 2402 Tanais
861 2343 898 2402 ab
928 2343 1058 2422 Scythis,
1094 2364 1172 2424 quos
1200 2366 1367 2427 europaeos

114 2449 232 2518 vocant,
251 2440 364 2503 dividit.
397 2439 480 2500 Idem
501 2438 604 2500 Asiam
626 2443 657 2500 et
673 2440 827 2518 Europam
847 2439 915 2501 linis
934 2439 1083 2504 interfluit.
1119 2434 1284 2506 ³Ceterum
1299 2448 1368 2527 Scy-

182 2721 206 2786 7,
224 2720 265 2785 27,
284 2719 325 2774 23.
361 2718 542 2799 Adversas.
572 2722 597 2769 S.
615 2717 657 2780 10,
675 2718 699 2781 5,
717 2717 759 2800 49⁴:
780 2747 808 2757 -
826 2686 974 2798 cuinire.
1001 2722 1032 2799 S.
1049 2718 1075 2781 7,
1094 2718 1142 2801 25,
1157 2720 1181 2773 3.
1207 2752 1238 2760 —
1261 2725 1367 2775 nudu-

113 2808 207 2909 prebzpk
218 2785 760 2921 sqppgprgm.nusdalstrg.323niiibub·p.§rppulit
780 2792 852 2852 pars)
870 2787 1053 2838 conteneantur
1073 2805 1158 2839 ruinas
1175 2807 1216 2840 nu
1224 2791 1367 2843 dancrat

183 2949 209 3010 7,
229 2947 270 3009 28,
290 2945 330 2998 ‘lh
366 2947 510 2997 Deiecto.
544 2947 636 3024 Haufig
656 2949 683 2996 in
699 2948 748 2996 der
766 2948 964 2998 militricischeu
984 2948 1102 3011 Sprache
1118 2962 1173 2999 von
1197 2951 1247 3000 der
1266 2952 1368 3003 Erobe-

115 3032 182 3081 rung
203 3019 276 3066 etnes
297 3017 382 3066 lesten
402 3016 532 3092 Punhtes:
553 3028 630 3064 emen
649 3016 746 3092 Posteri
762 3015 886 3092 werico..
902 3011 1122 3093 ,5011144434
1141 3014 1171 3065 7:
1192 3018 1368 3081 (Macedonas)

114 3102 154 3132 ee
180 3091 230 3132 tet
257 3081 421 3132 castellis
447 3080 580 3145 aliquanto
608 3079 742 3129 altioribus
763 3097 796 3130 ac
819 3081 1004 3143 munitioribus,
1031 3098 1096 3148 quas
1115 3081 1211 3133 calidis
1232 3087 1368 3151 praesidiis

114 3151 269 3211 insedissent,
289 3150 377 3214 priore
392 3164 458 3197 anno
480 3148 635 3197 deiectos.
673 3149 747 3197 Doch
768 3150 836 3199 atich
853 3163 916 3200 vom
934 3151 1129 3214 Vertheidigen,
1155 3164 1218 3202 vom
1239 3153 1368 3205 Abscbla-

116 3232 167 3280 geu
186 3219 259 3266 eines
277 3216 391 3278 Angrilis
416 3215 464 3264 atri
486 3216 562 3264 einen
583 3215 678 3291 fasten,
705 3215 854 3267 besondcrs
881 3218 950 3267 boch
968 3219 1111 3281 gelegenen
1130 3219 1185 3275 Ort,
1223 3223 1259 3269 So
1278 3221 1367 3283 Lini,

116 3280 786 3418 ttdztt'tttttttvttgttttf'hftt'tz
804 3284 909 3400 itti
917 3282 1207 3414 tltthffttm
1234 3304 1275 3336 ⁶³
1293 3306 1370 3358 ''¹⁴¹'‘

182 3442 208 3501 7,
229 3440 270 3504 28,
288 3437 330 3492 76.
353 3440 431 3500 Die,
453 3455 556 3504 quam.
573 3440 614 3488 F.:
634 3439 680 3503 die,
700 3456 757 3506 qun.
788 3443 837 3492 Die
857 3443 968 3506 Vulgata
987 3445 1087 3494 lantcte
1104 3444 1196 3494 indess
1213 3446 1369 3510 cigenttich:

116 3509 195 3558 XVII
211 3510 257 3571 dte,
279 3524 339 3574 qua,
362 3509 386 3558 d.
406 3510 429 3558 h.
448 3507 546 3556 decima
561 3508 668 3574 septima
687 3509 736 3570 die,
754 3525 813 3574 qua.

182 3597 207 3659 7,
227 3596 267 3660 29,
290 3598 311 3648 1.
347 3596 392 3648 Aa
410 3613 463 3648 von
480 3601 507 3648 Z.
525 3600 700 3663 hinzugestigt.
721 3627 752 3637 -
774 3599 845 3648 suis
862 3600 1053 3667 impositam
1073 3616 1144 3650 essa
1163 3602 1371 3665 cervicibus,

115 3668 167 3716 wie
184 3663 208 3726 7,
227 3664 267 3727 30,
288 3665 331 3716 11:
359 3666 472 3729 defecere
492 3666 638 3728 Bactriani,
666 3668 854 3733 inquorum
873 3667 1067 3718 cervicibus
1086 3676 1221 3718 stamus.
1254 3672 1313 3723 Liv.
1333 3671 1371 3733 41,

114 3732 155 3795 39,
173 3731 203 3782 7:
235 3741 328 3798 quanto
352 3733 457 3797 facilius
481 3733 553 3783 abire
568 3735 625 3797 fuit,
656 3751 731 3799 quum
754 3734 848 3800 proced
869 3735 1016 3797 aberremus,
1040 3752 1115 3802 quam
1134 3752 1208 3798 nunc,
1239 3753 1319 3801 quum
1339 3742 1373 3789 irs

114 3801 313 3852 cervicibus
329 3818 448 3851 sancus.
488 3803 542 3851 Cic.
560 3803 594 3852 de
612 3806 666 3852 nat.
684 3804 756 3853 deor.
780 3801 801 3864 1,
816 3801 857 3865 20,
870 3800 918 3853 54:
936 3804 1146 3870 imposuistis
1164 3804 1198 3852 in
1216 3808 1372 3857 cervici-

116 3869 172 3918 bus
188 3871 318 3918 ucstris
336 3870 513 3934 senpiternam
531 3869 666 3929 dominum,
686 3886 758 3936 quem
777 3869 829 3918 dies
848 3877 872 3919 et
886 3878 972 3921 noctes
991 3871 1140 3920 timerentur.
1168 3872 1287 3936 Analogia
1300 3878 1373 3926 stet-

114 3940 163 3999 len,
179 3939 230 3987 wie
247 3938 290 3988 bei
312 3940 366 3987 Liv.
385 3933 411 3996 4,
432 3934 473 3996 tu,
495 3933 525 3985 6:
547 3953 646 4003 rapae
663 3953 744 4004 prope
780 3953 807 3985 er
826 3936 969 4003 lnrpitionis
986 3937 1142 3989 dulcedinem
1158 3938 1191 3987 irs
1214 3943 1372 3993 cervices

115 4021 218 4070 accep
227 4006 264 4054 to.
288 4008 378 4056 lustin
398 4001 422 4066 6,
443 4001 466 4066 9,
486 4002 514 4053 7:
533 4004 620 4069 quibas
640 4004 713 4054 rebus
731 3954 847 4068 effictum
867 4013 910 4067 est,
928 4013 957 4055 ut
966 4034 999 4042 —
1008 4004 1139 4072 Philippus
1150 4032 1179 4041 -
1190 4021 1298 4071 requam
1312 4010 1373 4059 Ma-

115 4073 234 4121 cedoniae
255 4072 425 4124 Graeciae
445 4078 475 4120 et
492 4069 596 4122 Asiae
615 4071 813 4122 cervicibus
839 4072 932 4123 uelut
956 4075 1066 4140 iupum
1090 4073 1280 4123 servitutis
1306 4078 1372 4126 im-

113 4147 268 4205 poneret.
309 4141 373 4191 lbid.
388 4137 427 4199 15,
442 4135 468 4199 4,
482 4137 528 4189 12:
547 4139 575 4188 in
591 4139 698 4202 Indiam,
717 4156 782 4205 quae
797 4147 855 4207 post
875 4148 981 4190 mortem
1000 4140 1147 4190 Alexandri
1164 4139 1275 4191 velati
1295 4161 1372 4193 cer-

114 4206 251 4255 uicibus
268 4208 345 4272 iupa
367 4207 554 4256 servitutis
576 4223 716 4257 accusso
731 4210 875 4274 praefectos
894 4208 946 4258 eius
965 4208 1102 4270 occiderat,
1118 4208 1218 4268 tebren,
1243 4210 1309 4262 dass
1330 4213 1373 4263 dic

115 4274 314 4337 Ucbertragung
330 4289 391 4324 vom
409 4275 492 4325 Joche
510 4276 558 4324 der
573 4277 658 4326 Sticre
680 4277 803 4338 gemacht
820 4278 862 4327 tst.
895 4277 976 4326 Alleiu
997 4290 1025 4327 es
1042 4270 1185 4326 'vorbindet
1200 4277 1258 4327 sich
1274 4280 1304 4329 in
1325 4282 1373 4330 der

115 4343 288 4404 ,huwendung
300 4343 385 4405 haring
402 4344 471 4391 noch
484 4343 526 4392 dic
539 4345 688 4406 BezIehung
706 4344 753 4392 aul
767 4345 826 4394 cine
844 4344 998 4395 bestimmte
1010 4345 1170 4406 Gesinnung.
1189 4345 1216 4393 S.
1228 4358 1262 4393 zu
1272 4342 1299 4407 6,
1311 4346 1335 4409 7,
1347 4346 1372 4400 b'.

182 4429 208 4489 7,
226 4429 269 4491 ¹29,
287 4429 312 4478 sl.
351 4431 577 4482 Bactrianos.
613 4435 738 4496 Ungenau
757 4435 1074 4500 gebrauchtwiettfter.
1105 4437 1130 4484 S.
1150 4432 1369 4501 zu7,3t,nr.-

119 4497 252 4546 Tanais.
290 4500 373 4562 Ver-gt.
393 4513 426 4548 zu
446 4495 515 4561 6,6,
535 4496 575 4549 14.
605 4503 659 4550 Ans
682 4503 774 4553 diesen
793 4505 903 4554 Worten
923 4504 985 4567 geht
1009 4504 1116 4560 hervor,
1140 4502 1205 4553 dass
1224 4504 1253 4553 C.
1277 4506 1372 4558 diesen

115 4565 210 4615 Tanais
228 4567 276 4615 mtt
295 4567 356 4616 dem
375 4567 401 4616 in
421 4568 472 4619 den
490 4569 672 4621 maeotischen
688 4571 740 4622 Sec
757 4571 928 4623 mundendcu
947 4571 987 4622 tttr
1006 4570 1138 4622 identiscb
1155 4571 1277 4636 gahaban
1294 4574 1371 4627 habe.
