2820 4964
167 168 177 197 ”
233 213 287 277 1v.
308 212 406 278 mn.
430 214 577 280 oo-ss.
601 203 714 282 xum.
741 212 980 309 1-o.xn1v.
1005 215 1149 277 5-5.
1258 210 1321 278 roo

60 389 243 446 moraretur.
284 383 407 463 Ecquid
424 386 539 446 mirum
560 391 623 462 est,
650 385 680 445 si
702 391 768 444 tam
787 380 825 443 ab
846 383 946 443 amico
966 384 1071 443 animo
1093 400 1205 462 pacem
1220 383 1325 460 petit?

60 480 139 558 quid
147 499 222 559 opus
236 487 281 541 est
292 482 399 556 arsm's,
420 481 504 541 inter
519 501 593 559 qsms
605 481 686 543 odia
703 478 825 540 sublata
845 481 942 539 suat?
980 473 1102 538 ⁵Autea
1121 478 1249 557 imperiis
1271 484 1325 538 tuo

54 577 155 655 finem
176 575 473 656 destinabatHalym
493 575 625 656 amnon,
647 576 848 657 quindiam
869 575 1025 635 terminat.
1056 576 1157 651 Nunc,
1180 574 1327 653 quicquid

62 674 144 731 enter
164 674 397 752 Hellespontum
417 681 450 734 et
465 675 648 754 Euphraten
669 680 721 750 est,
740 674 776 733 in
795 671 894 732 dotem
908 670 1003 749 filiae
1024 669 1135 749 offert,
1157 688 1250 750 quam
1270 669 1327 732 titi
1398 734 1402 745 ,

63 768 178 829 audit.-
234 766 375 831 ⁶Oclsum
389 760 519 849 filium,
546 791 634 851 quem
658 767 764 846 habes,
787 770 877 848 pacis
902 775 936 828 et
950 767 1034 847 fidei
1060 765 1190 852 otddem
1217 770 1325 844 retine,

62 871 191 924 matrem
211 873 243 926 et
264 867 342 926 duas
368 867 506 944 uirgines
523 867 616 944 filias
641 867 750 927 redde:
772 885 834 946 pro
864 863 962 926 tritus
989 861 1165 942 corporibus
1192 867 1327 945 triginta

61 960 151 1020 milia
172 962 324 1021 talentum
342 963 419 1020 auri
430 969 580 1039 precatur
598 963 741 1041 accipias.
790 960 882 1024 ⁷Nisi
896 961 1135 1022 moderatimcem
1156 962 1260 1020 animi
1278 962 1328 1021 tui

60 1064 171 1117 uotam
188 1055 336 1133 haberem,
357 1075 421 1118 non
442 1056 570 1118 dicerem
588 1058 726 1119 hoc-esse
748 1066 873 1138 tempus,
894 1078 954 1139 quo
969 1077 1080 1137 pacem
1100 1076 1165 1117 non
1187 1057 1265 1118 darc
1281 1076 1327 1118 so-

61 1153 141 1229 lum,
163 1153 217 1213 sed
227 1155 320 1214 etiam
330 1172 479 1232 occupare
490 1152 613 1216 deberes.
661 1149 820 1235 8Respice,
840 1162 992 1235 qrmntum
1008 1161 1081 1235 post
1102 1161 1131 1215 te
1150 1155 1326 1234 reliqueris:

61 1250 193 1325 intuere,
213 1257 363 1328 quantum
378 1256 475 1328 petas.
505 1251 715 1312 Periculosum
736 1259 782 1313 cst
794 1270 970 1330 praegrave
991 1253 1173 1330 imperium:
1192 1249 1327 1331 difficile

60 1353 109 1406 est
129 1349 211 1406 enim
230 1346 398 1423 continere,
415 1345 498 1426 meod
516 1366 624 1426 capere
643 1366 708 1409 non
722 1349 829 1426 possis.
879 1348 1011 1422 Videsne,
1034 1355 1073 1406 ut
1089 1347 1227 1423 nampio,
1248 1366 1327 1424 quae

61 1443 185 1503 modum
204 1440 362 1518 excedunt,
379 1443 450 1521 regi
460 1447 637 1520 nequeant?
689 1439 825 1519 ⁹Nescio,
845 1463 889 1503 an
911 1444 1033 1502 Dareus
1052 1442 1119 1502 ideo
1140 1447 1205 1499 tam
1224 1443 1327 1502 multa

61 1540 215 1615 amiserit,
244 1541 318 1618 qnia
348 1540 466 1600 nimiae
486 1557 555 1618 opes
573 1558 708 1618 magnae
727 1539 869 1598 iacturae
887 1536 987 1598 loescm
1000 1536 1146 1617 faciunt.
1188 1538 1328 1598 Facilius

60 1641 107 1694 est
126 1636 275 1713 quaedam
296 1632 440 1712 'uincam
470 1653 563 1714 quam
590 1636 689 1696 tueri:
717 1653 828 1714 quam,
857 1633 992 1709 incula,
1020 1632 1191 1712 expeditne
1214 1653 1328 1695 manus

62 1739 187 1792 nostrae
207 1734 355 1811 rapiunt,
384 1751 478 1810 quom
499 1733 678 1792 continent!
718 1732 790 1810 Ipsa
809 1747 891 1789 mors
911 1731 1019 1791 uraris
1041 1732 1140 1791 Darei
1164 1730 1329 1803 admonere

62 1835 94 1888 te
107 1835 217 1906 potest,
236 1830 340 1889 minus
357 1831 422 1890 iam
443 1828 670 1889 misericordiae
687 1835 760 1888 tuae
778 1828 876 1903 licere,
895 1844 988 1905 qnam
1006 1827 1106 1888 licuit.

148 1925 257 1987 XLIV.
296 1921 324 1964 ¹⁰
331 1925 519 2002 Alexander,
538 1924 645 2005 legatis
664 1925 812 1986 excedere
830 1922 1025 1985 tabernaculo
1043 1922 1151 2001 iussis,
1174 1923 1246 2005 qnid
1264 1925 1329 2004 pla-

62 2025 160 2100 ceret,
181 2022 220 2082 ad
240 2022 401 2084 consilinm
421 2023 521 2083 refert.
566 2021 627 2083 Diu
647 2041 753 2097 nemo,
775 2020 848 2102 quid
870 2021 1009 2096 sentiret,
1040 2018 1135 2082 ausus
1151 2014 1198 2084 est
1216 2021 1326 2099 dicere,

63 2117 270 2199 incertaregis
291 2119 453 2180 voluntate.
493 2113 514 2157 ¹¹
523 2119 656 2179 Tandem
669 2118 837 2195 Parmenio,
860 2124 928 2179 5515
950 2118 1090 2194 suasisse,
1112 2116 1160 2194 ait,
1182 2123 1216 2179 ut
1235 2119 1327 2197 capti·

62 2233 120 2275 vos
132 2215 214 2292 apud
228 2217 411 2275 Damascum
430 2213 645 2276 redimentibus
667 2215 822 2276 redderet:
841 2216 991 2295 ingentem
1014 2214 1173 2296 pecuniam
1191 2215 1327 2296 pomisse

62 2307 162 2387 redigi
180 2328 218 2368 ex
236 2308 291 2385 his,
315 2309 367 2390 qui
388 2309 473 2370 multi
491 2310 582 2371 vincti
601 2309 734 2374 virorum
755 2312 878 2375 fortium
900 2319 1085 2393 occuparent
1106 2330 1222 2375 manus.
1256 2306 1328 2373 ¹²nt

62 2474 170 2540 pinos.
190 2476 274 2541 Vergl.
295 2476 318 2542 3,
338 2475 438 2540 315112.
457 2475 538 2541 531,
559 2477 600 2531 23.
621 2507 650 2518 -
671 2478 695 2546 4,
715 2479 756 2548 43,
778 2481 801 2534 4.
836 2483 910 2534 Tam
929 2481 966 2532 51
986 2481 1090 2532 amico
1111 2479 1226 2529 animo.
1257 2479 1328 2549 We·-

64 2557 115 2607 gon
134 2543 158 2594 d.
179 2545 295 2611 Stellung
319 2561 373 2597 von
393 2553 445 2596 tom
463 2562 497 2598 zu
515 2544 538 2610 4,
559 2545 645 2611 351.

133 2633 157 2699 4,
173 2633 213 2699 43,
231 2635 256 2687 5.
297 2637 409 2688 Finem
426 2640 489 2691 fehlt
506 2641 550 2693 551
568 2642 593 2693 F.
615 2669 644 2680 -·
675 2639 845 2692 Indotem.
867 2641 892 2688 S.
912 2640 987 2690 Ovtd.
1012 2639 1122 2690 Heroid.
1148 2635 1172 2699 7,
1192 2633 1256 2691 1495
1281 2637 1326 2688 tus

64 2703 149 2768 potius
165 2705 273 2772 populos
290 2706 325 2755 in
343 2707 465 2770 dotem,
480 2709 587 2776 amdape
602 2711 716 2772 remissa,
733 2707 839 2773 Accipe.
851 2734 883 2742 -
897 2706 1012 2757 tradit.
1032 2709 1057 2755 S.
1077 2707 1137 2756 Tuo.
1151 2707 1216 2756 1155.
1235 2702 1262 2766 4,
1277 2702 1327 2756 40:

65 2769 194 2837 dupustus
213 2773 295 2838 filiam
311 2791 384 2824 suom
405 2777 484 2840 equiti
500 2793 606 2828 romano
625 2786 656 2828 tr
664 2777 765 2827 odere
783 2774 920 2823 meditatus
947 2780 992 2821 est.
1030 2774 1118 2823 Dnher
1143 2775 1181 2825 ist
1207 2787 1237 2825 as
1253 2774 1328 2834 nicht

66 2841 157 2904 nothig
178 2844 248 2891 etwa
267 2856 301 2890 zu
318 2843 472 2893 schreiben:
492 2844 521 2892 in
538 2845 620 2893 dotem
639 2843 710 2908 filiae
731 2842 821 2901 tradit,
841 2856 916 2906 quam
934 2838 980 2887 tibi
999 2838 1081 2902 offert.

136 2925 159 2991 4,
181 2925 221 2991 43,
241 2928 266 2982 5.
303 2929 530 2997 Corporibus,
560 2934 597 2982 515
623 2931 833 2994 Umsohreihnng
851 2933 879 2980 in
906 2931 991 2980 vielen
1013 2931 1195 2994 Beziehungeo
1218 2930 1328 2982 hadou-

66 2999 216 3060 tungsvoli:
236 3012 266 3049 so
285 2994 308 3060 4,
329 2995 369 3061 53,
390 2997 436 3048 11:
450 3014 500 3064 pro
521 2998 659 3047 carissimis
699 2996 825 3047 'naritus
845 3000 992 3064 corpora
1009 2997 1162 3066 opponimus.
1185 2994 1211 3059 4,
1223 2995 1263 3062 51,
1279 2997 1327 3050 12:

65 3063 177 3115 omnibus
194 3066 258 3115 riois
272 3073 471 3133 prostraverant
491 3081 650 3132 corporo.
675 3014 765 3128 ¹3:920,
784 3062 815 3116 6:
834 3081 898 3115 auro
916 3073 1071 3134 arqmtoque
1088 3067 1172 3117 onmti
1198 3065 1263 3117 cilia
1278 3083 1327 3119 oa-

62 3131 192 3197 ptioorum
211 3150 361 3201 corpora
382 3133 552 3184 trucidabant.
572 3133 596 3198 5,
613 3132 654 3198 35,
675 3130 706 3183 4;
724 3133 752 3184 in
771 3131 817 3182 illo
838 3150 980 3202 corpere
999 3137 1033 3199 (d
1053 3137 1167 3201 Durius)⁴
1181 3136 1268 3203 posita
1288 3143 1328 3186 est

65 3198 183 3250 victorio.
202 3203 287 3266 Vergi.
306 3218 339 3253 zu
357 3199 381 3266 6,
400 3199 425 3265 4,
445 3199 461 3251 4
482 3203 549 3254 iiber
568 3209 654 3270 caput.
910 3234 919 3243 ,

134 3287 159 3353 4,
175 3288 208 3342 43
231 3291 257 3343 8.
295 3292 466 3359 Difficile
487 3293 643 3344 estenim.
669 3295 710 3344 F.:
737 3291 845 3358 difficile
870 3301 913 3344 est.
935 3322 967 3330 -
997 3294 1136 3362 videsne
1160 3303 1201 3348 ut.
1240 3298 1274 3349 Es
1293 3300 1328 3348 ist

64 3359 140 3408 51551
261 3363 304 3412 die
329 3364 477 3414 Thntsaohe
500 3376 534 3413 55
557 3363 621 3424 5155,
648 3363 753 3412 woraus
768 3363 816 3412 der
832 3363 903 3412 Bliok
929 3364 1035 3426 gelenkt
1055 3364 1163 3414 werden
1191 3366 1248 3426 5511,
1273 3367 1326 3415 wie

63 3425 216 3478 55115455.
235 3431 333 3491 5.151.;
360 3432 476 3481 sondem
497 3431 540 3480 die
561 3432 608 3479 Art
635 3431 690 3480 und
709 3431 805 3493 Weise,
829 3431 881 3479 wie
907 3431 964 3480 5155
983 3432 1057 3481 dieso
1079 3431 1129 3481 der
1147 3431 1327 3496 Betraohtnng

64 3493 193 3558 dorstetlt,
213 3498 264 3547 wie
283 3499 322 3548 sie
342 3500 399 3549 sich
418 3497 953 3559 555555555555515511555515155511,
978 3499 1034 3548 und
1057 3499 1101 3549 die
1118 3499 1257 3565 wichtiger
1278 3513 1327 3550 er-

64 3562 187 3625 scheint,
212 3566 250 3616 515
276 3566 320 3616 dio
342 3567 427 3617 Sache
453 3566 546 3617 551551.
587 3567 662 3617 Caes.
687 3565 747 3617 5511.
771 3566 821 3616 civ.
844 3562 876 3628 2,
903 3563 937 3615 5:
965 3564 1045 3628 [55115
1068 3572 1138 3629 aas,
1167 3583 1200 3616 se
1233 3566 1327 3616 castris

68 3627 310 3699 Tremuit-pros
315 3633 433 3700 pierre
457 3633 485 3682 in
502 3632 596 3697 urben,
620 3640 656 3684 ut
681 3633 760 3683 omnis
779 3633 896 3683 inventus
915 3647 1048 3698 omnaque
1070 3633 1209 3700 superioris
1232 3634 1327 3685 aetatis

64 3696 225 3748 misseris
242 3708 319 3766 atque
335 3700 553 3752 ucoritsts-aut
577 3718 609 3751 ea
628 3718 700 3752 muro
719 3701 754 3751 ad
771 3700 868 3752 coelum
892 3715 982 3750 mansu
1008 3699 1137 3751 tenderent
1163 3709 1210 3753 esst
1234 3700 1329 3770 templa

64 3764 170 3815 deorum
185 3766 368 3840 immortalium
387 3768 489 3819 odirent
506 3776 530 3819 et
550 3776 611 3819 ante
624 3768 765 3820 simulacra
775 3767 887 3837 proiecti
897 3767 1034 3819 victoriam
1047 3767 1080 3818 ab
1092 3768 1140 3820 diis
1153 3777 1326 3838 exposcerent.

65 3885 98 3893 -
116 3854 144 3919 4,
166 3855 206 3922 43,
227 3857 250 3910 9.
290 3860 354 3909 Est
374 3861 437 3911 15511
456 3860 499 3911 551
518 3862 542 3912 F.

134 3945 160 4010 4,
182 3946 222 4014 44,
245 3949 282 4001 10.
321 3949 373 4001 Ad
390 3950 721 4018 consiliumrefert,
744 3953 838 4016 analag
862 3954 924 4004 dem
942 3950 1107 4002 adsenatsun
1122 3951 1238 4015 referm
1261 3952 1327 4014 Nep.

63 4018 140 4068 Eum.
158 4015 198 4080 12,
220 4018 248 4069 1:
273 4019 304 4068 de
324 4018 371 4068 isac
390 4018 533 4085 Antiponus
551 4037 627 4086 quum
643 4019 740 4070 solus
765 4021 920 4070 constituere
935 4035 987 4069 non
1003 4018 1116 4080 cuderet,
1140 4018 1183 4068 nd
1205 4017 1327 4068 consi-

65 4083 147 4135 tium
162 4093 239 4136 retu
249 4085 298 4137 111.
310 4087 459 4138 -Ebenso
484 4089 547 4152 liegt
570 4091 597 4138 in
624 4088 686 4155 quid
702 4086 818 4155 placeres
837 4102 940 4153 ganono
959 4087 1142 4150 Naohbitdung
1171 4086 1219 4137 (155
1238 4086 1327 4137 51551-

64 4153 148 4203 55555
167 4155 322 4206 (1551515515.
341 4156 365 4204 S.
376 4157 434 4205 8511.
446 4156 518 4205 Catil.
529 4154 569 4218 50,
592 4154 621 4207 3:
644 4154 769 4207 consui-
781 4164 920 4208 convocato
938 4153 1170 4218 scrutantem,
1191 4151 1329 4219 quidde

65 4219 120 4269 isis
138 4221 230 4284 fieri
247 4221 409 4289 placeat,
429 4223 519 4289 quiin
536 4224 677 4274 custodiam
695 4223 787 4274 traditi
802 4232 883 4275 erant.

133 4309 159 4372 4,
177 4310 218 4376 44,
237 4311 276 4364 11.
314 4311 405 4364 Ante
430 4315 591 4366 suasisse.
630 4318 655 4366 Z.
680 4317 725 4367 551
752 4316 795 4366 (115
824 4318 891 4367 orat.
919 4316 969 4366 551.
998 4313 1142 4376 durchwag
1170 4311 1327 4375 cingetuhrt,

64 4380 176 4430 suasisse
192 4385 257 4432 statt
275 4381 416 4446 semissen,
434 4383 552 4434 redderet
571 4389 603 4436 st.
623 4383 747 4446 redderes,
777 4386 983 4449 occupauerunt.
1003 4385 1201 4446 occupamront,
1228 4394 1329 4429 censere

64 4453 96 4497 st.
116 4464 251 4509 omnem,
273 4457 400 4516 permutet
425 4454 457 4502 51.
473 4458 608 4516 permutes.
629 4478 657 4488 -
689 4466 726 4500 ca
754 4451 842 4500 ticos
868 4449 959 4516 apud
974 4447 1173 4498 Damascum.
1207 4448 1233 4496 S.
1251 4443 1327 4509 5113,

67 4515 89 4576 1,
112 4513 187 4566 9.-
213 4517 269 4582 qui
291 4516 392 4567 multi
415 4518 534 4572 vincti.
569 4522 594 4570 S.
621 4521 674 4570 Liv.
737 4557 742 4580 ,
771 4514 810 4579 15,
837 4516 868 4567 7;
905 4517 983 4567 aride
1001 4521 1132 4565 semusta
1147 4511 1328 4581 masticantur

65 4582 185 4702 Ἢ
206 4582 289 4702 miii
304 4600 386 4652 quos
404 4585 549 4638 domitos
566 4586 819 4652 indomitosque
838 4582 966 4646 multos
989 4584 1058 4634 inter
1075 4589 1187 4634 ceteram
1204 4589 1329 4650 agrestem

64 4667 99 4717 pr
165 4667 190 4702 sn
208 4667 256 4718 ape
290 4659 307 4704 t.
555 4671 558 4676 ·
