2820 4964
253 177 318 240 Vll.
340 178 377 240 11.
400 180 448 241 16.
472 181 519 241 17.
544 177 597 240 ΙΙΙ.
623 177 1009 240 18-26.1V.e6-31.
1032 178 1069 238 V.
1093 178 1144 239 32.
1246 174 1331 239 ’315

67 366 170 406 omnes
190 345 325 424 affectus
345 348 461 424 impetu
483 348 634 425 rapimur.
687 348 909 424 Vituperamus,
938 345 1113 419 laudamus,
1140 345 1329 418 miseremur,

67 445 241 519 irascimur,
273 450 427 520 utcunque
453 463 600 521 praesens
626 445 722 502 necuit
748 442 894 520 affectio:
921 442 1009 502 modo
1035 443 1159 503 Indiam
1182 441 1275 515 ⁴adire
1299 448 1330 500 et

67 559 214 599 oceanum
227 538 308 613 tibet,
327 539 414 599 niodo
425 543 591 618 coniugum
602 547 632 599 et
643 537 807 600 liberorum
820 541 1003 618 patriaeque
1020 541 1167 598 inemoria
1185 539 1328 599 occurrit.

67 631 167 698 25Sed
182 636 238 696 has
256 637 474 714 cagitationes,
488 637 543 697 has
562 639 645 697 inter
673 656 703 696 se
731 636 968 714 colloquentium
994 654 1078 695 uoces
1103 637 1228 713 sigum
1254 632 1329 694 tuba

67 735 175 794 datum
191 734 287 812 finit:
314 733 349 791 in
375 752 444 792 suos
464 736 588 810 quisque
611 734 731 794 ordines
754 734 918 807 escrrimm,
944 739 976 791 et
992 731 1140 810 quicquid
1153 733 1275 792 irarum
1292 733 1328 790 in

67 829 264 891 tabernaculo
286 834 463 907 conceptum
483 837 535 904 est,
556 832 591 889 in
611 830 742 893 hostium
760 827 939 907 effunditur
961 829 1074 906 capita.
1109 829 1235 889 uanam
1256 826 1329 887 Phi-

65 928 146 987 lotas
172 945 288 1003 quoque
312 928 399 985 intra
426 925 516 985 cerba
529 932 698 1004 peccasset!
731 919 900 987 ²⁶Proinde
917 925 962 985 ad
979 926 1016 985 id
1034 928 1183 1000 reuertar,
1197 930 1327 1002 propter

65 1023 149 1101 qnod
165 1011 215 1081 rei
232 1041 345 1081 sumus.
813 1079 824 1089 ,

30 1192 35 1203 .
150 1119 204 1178 lV.
244 1118 432 1192 Amicitiam,
460 1139 539 1198 quae
558 1117 643 1180 nobis
670 1140 739 1179 cum
764 1120 890 1181 Philota
902 1117 987 1198 fuit,
1012 1117 1087 1179 adeo
1114 1137 1178 1177 non
1202 1137 1236 1177 eo
1250 1118 1326 1198 ῥηΐ-

65 1218 137 1289 tius,
157 1222 195 1274 ut
212 1216 355 1293 expetesso
372 1235 488 1294 quoque
507 1235 562 1276 nos
581 1235 767 1294 magnosque
787 1237 826 1276 esc
843 1234 876 1275 ea
889 1215 1026 1294 fructus
1042 1216 1211 1293 percepisse
1230 1214 1327 1293 confi-

66 1320 143 1374 tear.
178 1307 264 1370 ²⁷An
282 1331 352 1372 uero
372 1313 597 1386 Parmenionis,
615 1333 702 1390 quem
717 1311 774 1373 tibi
787 1313 966 1392 proximam
982 1330 1041 1370 csse
1061 1311 1193 1385 uoluisti,
1205 1309 1325 1388 filium,

65 1428 168 1469 omnes
183 1427 285 1486 paene
314 1410 426 1468 amicos
456 1415 524 1469 tuas
544 1409 725 1485 dignatione
752 1410 932 1480 uincentem,
958 1407 1077 1466 cultum
1107 1426 1128 1464 a
1157 1404 1242 1466 nabis
1267 1426 1327 1465 esse

64 1507 214 1565 miraris?
245 1499 274 1542 28
287 1507 338 1565 Tu
358 1505 487 1580 hercule,
505 1507 534 1564 si
551 1524 658 1564 uerum
681 1505 791 1564 audire
814 1506 867 1579 uis,
889 1522 954 1576 rec,
978 1500 1071 1560 huius
1091 1498 1176 1560 nabis
1191 1500 1330 1579 penculi

64 1621 95 1659 es
115 1621 218 1661 causa.
264 1602 338 1670 Quis
363 1603 446 1661 enim
473 1603 556 1662 alius
582 1599 695 1678 effecit,
723 1608 762 1661 ut
787 1600 832 1660 ud
859 1599 1014 1660 Philotam
1041 1598 1247 1672 decurrerent,
1274 1600 1330 1677 qui

58 1698 185 1775 placere
203 1698 316 1758 uellent
336 1698 415 1760 tibi?
458 1697 503 1759 Ab
522 1699 576 1759 illo
599 1698 712 1759 traditi
733 1698 777 1758 nd
798 1697 884 1757 hcenc
907 1695 1045 1775 gradum
1074 1695 1230 1754 amicitiae
1255 1701 1328 1755 tuae

63 1795 262 1856 ascendimus.
305 1798 334 1855 Is
355 1796 442 1874 apud
460 1804 490 1855 te
499 1795 594 1875 fuit,
620 1796 709 1855 cuins
737 1796 877 1874 gratiam
898 1799 1035 1872 expetere
1060 1794 1195 1851 stiram
1222 1792 1328 1852 timere

59 1910 222 1968 possemus.
257 1887 343 1952 ²⁹An
363 1913 427 1954 non
444 1893 665 1972 propemodum
687 1894 722 1951 in
743 1899 800 1954 tua
818 1889 909 1952 cerba
927 1893 978 1950 tui
991 1909 1093 1950 omncs
1113 1897 1143 1950 te
1159 1897 1327 1968 praeeunte

63 1989 244 2063 iuravimus,
262 1989 377 2049 eosdem
392 2010 447 2050 reos
465 1991 606 2050 inimicos
627 1991 798 2067 amicosque
817 1987 975 2048 habituros
998 2008 1065 2064 esse,
1087 2006 1161 2065 quos
1181 1992 1217 2046 tu
1237 1984 1326 2046 habe-

62 2088 135 2145 res?
177 2088 245 2144 Hoc
264 2095 456 2146 sacramento
471 2089 600 2163 pietatis
626 2084 765 2146 obstricti
784 2104 998 2146 aversaremur
1023 2084 1146 2159 scilicet,
1177 2103 1266 2162 quem
1290 2091 1326 2144 ta

62 2180 203 2240 omnibus
217 2178 433 2257 praeferebas!
475 2176 505 2219 ³⁰
513 2183 624 2258 Igitur,
655 2184 684 2240 si
709 2183 765 2242 hoc
792 2184 911 2241 crimen
937 2188 988 2255 est,
1009 2200 1127 2260 paucos
1151 2182 1327 2242 innocentes

61 2275 170 2335 habes:
202 2276 263 2332 imo
284 2273 405 2333 hercule
431 2278 590 2336 neminem.
636 2278 745 2336 Omnes
765 2280 848 2337 enirn
866 2276 1007 2337 Philotae
1025 2279 1121 2337 amc'cs'
1141 2298 1201 2338 esse
1226 2278 1327 2338 uolue-

61 2379 150 2446 runt,
169 2370 223 2430 sed
239 2369 371 2444 totidem,
391 2377 465 2447 quot
484 2371 624 2432 uolebant
644 2393 712 2447 esse,
739 2393 803 2434 non
819 2379 976 2453 poterant.
1018 2375 1077 2448 lta,
1103 2377 1131 2433 si
1155 2394 1176 2432 a
1198 2376 1326 2435 conscds

62 2470 178 2529 amicos
197 2487 260 2527 non
280 2467 398 2541 diuidis,
424 2487 462 2527 ne
483 2465 520 2526 ab
543 2470 651 2528 amicis
673 2471 793 2546 quidem
813 2467 967 2549 separabis
986 2470 1063 2543 illas,
1091 2472 1147 2547 qui
1168 2469 1248 2528 idem
1266 2488 1327 2529 esse

63 2567 235 2627 uoluerunt.
269 2559 293 2602 ³¹
303 2564 393 2633 Quod
420 2565 519 2641 cpit-ser
542 2567 745 2626 conscientiae
764 2564 904 2644 effertur
927 2566 1104 2627 snde'cium?
1145 2567 1186 2626 dt
1207 2567 1325 2644 opinor,
1380 2568 1384 2577 “

63 2665 138 2740 quia
152 2662 256 2740 pridie
264 2660 480 2738 sarnileariter
500 2668 534 2720 et
548 2662 614 2722 sine
634 2661 760 2733 arbitres
777 2663 922 2741 loquutus
942 2671 987 2722 est
1003 2660 1178 2722 nobiscum!
1211 2663 1255 2722 Ae
1270 2681 1325 2740 ege

56 2778 200 2837 purgare
219 2777 283 2817 non
296 2776 423 2835 possem,
459 2759 488 2817 si
500 2757 604 2836 pridie
626 2760 789 2837 quicquam
817 2781 857 2820 eu
876 2761 973 2819 vilere
992 2760 1059 2820 uita
1085 2778 1125 2818 ac
1148 2777 1231 2820 mare
1256 2778 1325 2819 mu

64 2863 180 2915 tassem.
223 2855 315 2914 Ncmc
334 2873 414 2927 nero,
438 2856 473 2929 si,
500 2862 539 2914 ut
562 2853 702 2915 omnibus
723 2855 833 2932 diebus,
861 2857 917 2916 illo
942 2855 1065 2934 quoque,
1093 2856 1150 2932 qui
1171 2861 1326 2933 suspectus

62 2959 115 3027 est,
125 2951 274 3028 fecimus,
297 2951 481 3011 consuetudo
503 2950 602 3020 diluet
625 2953 750 3013 crimen.
1166 2955 1169 2959 ’

150 3051 186 3112 V.
222 3044 318 3108 ³²Sed
334 3066 424 3126 equos
444 3046 621 3125 Antiphani
640 3067 705 3109 non
727 3048 881 3108 dedemus!
902 3055 934 3108 et
945 3049 1057 3128 pridie,
1076 3067 1170 3128 quum
1189 3047 1327 3108 Philotas

63 3147 196 3206 detectus
217 3154 268 3221 est,
288 3145 363 3204 haec
387 3144 466 3204 mihi
482 3163 554 3204 cum
574 3145 752 3224 Antiphane
779 3150 933 3206 reserat!
962 3149 1018 3224 qui
1040 3149 1069 3207 si
1093 3165 1150 3207 nos
1176 3154 1327 3226 nupectm

139 3313 162 3374 7,
182 3311 208 3373 3,
227 3311 267 3362 95.
294 3313 378 3362 Suos
399 3312 546 3377 quisque
566 3311 706 3362 ordines.
728 3315 769 3363 F.:
789 3329 846 3361 snas
865 3312 964 3363 ordines
984 3315 1094 3381 quisque.
1115 3313 1241 3378 Vergl.5,
1259 3313 1281 3377 1,
1301 3314 1322 3366 1.

65 3411 92 3418 -
123 3388 328 3447 conceptum.
360 3383 384 3429 S.
403 3378 429 3439 8,
443 3377 466 3441 4,
479 3377 521 3432 34.
540 3378 564 3442 8,
576 3379 601 3442 5,
614 3378 655 3432 43.
684 3383 737 3432 Cio.
756 3384 834 3432 Tuse.
850 3377 874 3442 4,
890 3378 916 3441 9,
929 3380 975 3432 m:
997 3382 1126 3432 discordia
1145 3381 1188 3431 iru
1206 3380 1324 3431 acerbior

61 3450 150 3498 intimo
168 3449 225 3498 odie
239 3455 263 3496 et
280 3447 357 3497 corde
375 3455 548 3514 concepta.
570 3475 597 3484 -
620 3448 822 3511 effunditur.
853 3452 878 3498 S.
896 3450 949 3500 Liv.
966 3447 1008 3510 39,
1028 3448 1069 3511 34,
1088 3448 1117 3499 1:
1133 3449 1162 3498 in
1177 3448 1323 3500 Maronitas

61 3519 130 3566 irem
158 3516 316 3580 effrenatis.
339 3544 367 3551 -
397 3515 493 3565 intre
512 3515 624 3565 cerba.
665 3519 732 3567 Dass
751 3531 781 3566 er
807 3518 879 3567 nicht
899 3518 1074 3568 tiberwoste
1091 3518 1323 3584 hinausgegengen

62 3588 146 3635 wire!

128 3674 152 3737 7,
173 3673 199 3734 4,
221 3672 262 3724 96,
300 3671 388 3722 Adeo
405 3691 526 3726 ncn-.
546 3679 572 3726 S.
590 3692 622 3726 zu
642 3675 667 3738 3,
682 3674 723 3737 33,
743 3674 785 3727 34.
804 3704 835 3712 -
857 3677 1241 3792 quoque-percepisse
1258 3679 1322 3730 tohu

60 3746 105 3796 bei
126 3745 150 3793 F.
171 3757 219 3792 aus
240 3743 328 3792 Zusatt.
346 3771 377 3779 -
396 3760 432 3792 eu
453 3760 496 3792 ee.
515 3745 632 3794 Andere:
652 3762 684 3793 ee
702 3761 738 3794 en.
760 3771 792 3780 -
812 3741 838 3803 7,
876 3741 942 3804 ,m
960 3743 1176 3810 Diqnatiene.
1208 3747 1321 3798 Entwe-

61 3815 111 3863 der
127 3811 371 3874 xt'ermscmtzung,
390 3812 561 3876 Wt'udigung,
582 3813 650 3861 uach
672 3811 761 3862 lustin.
782 3809 823 3873 28,
839 3808 921 3873 410:
942 3811 986 3860 diu
1004 3813 1178 3864 insumens
1197 3813 1320 3880 eliqua-

62 3882 154 3929 tiene
177 3895 209 3927 re
215 3880 267 3944 qis
291 3879 364 3927 eicit.
391 3880 461 3929 Oder
474 3880 582 3938 Wtirde,
601 3881 669 3929 nach
681 3881 741 3929 Tac.
762 3894 823 3929 ann.
841 3876 865 3940 4,
884 3877 931 3929 52:
950 3880 972 3929 is
992 3897 1079 3930 reeens
1094 3888 1230 3948 praetura,
1248 3896 1320 3930 me·
1393 3893 1400 3902 ·

60 3948 162 3997 dicus
180 3945 390 4012 ‹liquatienis
415 3953 439 3994 et
457 3962 555 4011 quoquc
571 3947 689 4010 facinore
705 3963 831 4014 properus
848 3946 998 4001 clarescere.

130 4039 153 4102 7,
172 4036 197 4099 4,
217 4036 258 4088 28.
297 4038 535 4087 Decurrerent.
569 4038 691 4089 Zuflucht
709 4040 828 4091 nehmen.
866 4041 991 4105 Weniger
1008 4040 1125 4091 deutlich
1144 4036 1318 4103 mmm.-

60 4107 86 4168 7,
107 4104 131 4170 4,
147 4106 187 4160 29.
209 4107 351 4156 Eosdem
362 4134 401 4155 -.
442 4107 515 4155 Nach
539 4107 587 4157 der
606 4106 716 4169 Formel,
742 4108 785 4159 die
805 4109 848 4159 bei
876 4108 927 4159 den
947 4110 1061 4177 Romern
1089 4107 1130 4159 sus
1157 4108 1200 4161 die
1218 4108 1320 4159 Unter-

61 4177 181 4240 wersung
199 4177 272 4226 eines
289 4175 384 4224 Votkes
405 4174 517 4224 slehend
537 4189 601 4224 war.
641 4177 675 4224 So
697 4176 751 4225 Liv.
771 4173 814 4236 37,
836 4175 858 4236 1,
878 4173 906 4226 5:
936 4174 1001 4226 duae
1019 4174 1174 4226 conditiones
1192 4176 1228 4226 eis
1250 4172 1320 4226 latae

59 4251 133 4294 sunt:
161 4243 203 4294 ael
219 4243 317 4292 senatui
337 4240 442 4290 liberum
462 4240 598 4290 arbitrium
620 4241 650 4291 de
674 4259 702 4292 se
715 4245 901 4308 permitterent,
926 4243 968 4293 cel
986 4242 1056 4293 mille
1080 4242 1204 4294 talentum
1228 4243 1320 4294 darent

59 4312 255 4377 eosdemque
275 4309 403 4360 amicos
427 4316 456 4358 el
480 4308 637 4359 inimicos
660 4309 829 4363 habe-rent.
851 4340 879 4348 -
909 4310 935 4373 7,
955 4308 978 4374 4,
998 4310 1038 4364 30.
1065 4311 1174 4363 Neab.
1203 4312 1244 4363 F.:
1272 4328 1320 4363 nec

58 4379 101 4440 ab,
121 4395 204 4444 gegen
221 4380 264 4429 die
282 4378 462 4430 teststehende
478 4379 610 4442 Analogie.
643 4381 668 4429 S.
686 4394 719 4430 zu
736 4376 761 4440 3,
777 4376 818 4442 29,
836 4376 878 4429 24.

127 4471 153 4532 7,
173 4471 199 4532 5,
216 4469 258 4522 32.
295 4470 448 4520 thelectus
475 4476 535 4518 est.
572 4471 663 4521 Dieses
685 4473 852 4534 persentiam
872 4471 1013 4521 Gebrauch
1040 4485 1093 4522 von
1119 4471 1320 4539 deteqi'gehort

59 4543 109 4591 der
130 4541 302 4603 jucistischen
323 4539 440 4607 Sprache
467 4552 508 4588 an.
548 4541 630 4590 Sonst
652 4540 719 4590 wird
743 4541 792 4591 das
820 4540 935 4591 Verbum
962 4541 1011 4589 mit
1038 4541 1199 4593 sochtiohem
1226 4539 1320 4604 Object

59 4609 217 4660 construirt.
255 4608 340 4672 Vesgt.
359 4610 387 4656 C.
406 4608 430 4669 b,
451 4604 491 4669 37,
510 4605 532 4656 7.
