2820 4964
104 202 170 275 aas
305 168 307 174 ’
577 198 615 278 o.
638 198 778 260 cunrn
800 196 897 260 nnn

108 377 208 433 rentes
229 389 327 449 opem.
371 366 486 428 Eodem
507 372 656 446 tempore,
676 386 753 448 qnae
773 367 802 426 in
823 372 910 444 gente
932 365 1074 426 Ariorum
1095 364 1232 426 Caranus
1253 368 1284 424 et
1306 365 1371 424 Eri-

110 469 197 548 gyius
217 470 378 546 gesserant,
400 464 598 542 perferuntur.
635 458 872 524 3³Commissum
900 468 965 523 erat
995 461 1144 540 proelium
1171 461 1250 522 inter
1271 463 1371 529 Mace-

110 565 204 625 dones
228 560 386 642 Ariosque.
429 561 596 638 Transfuga
622 561 830 621 Satibarzanes
850 558 985 619 barbaris
1008 563 1162 637 praeerat:
1194 557 1247 637 qui
1277 577 1370 637 quum

110 681 239 740 pugnam
262 677 383 736 segnem
404 656 553 736 utrimque
575 656 679 736 aequis
699 655 813 716 viribus
835 662 914 715 stare
940 654 1072 729 vidisset,
1101 655 1131 713 in
1153 656 1270 732 primos
1290 654 1370 713 ordi-

109 777 162 817 nes
185 753 371 834 adequitavit,
392 752 570 831 demptaque
591 751 683 830 galea,
703 752 841 827 inhibitis
861 752 913 830 qui
933 750 993 810 tela
1011 750 1167 826 iaciebant,
1189 750 1215 810 si
1239 750 1308 830 quis
1328 751 1369 809 vi-

110 853 187 913 ritim
211 850 352 911 dimicare
373 848 472 921 vellet,
501 842 677 925 prouocauit
699 848 736 907 ad
760 866 898 926 pugnam,
924 847 1036 906 nudum
1059 866 1092 907 se
1113 852 1207 925 caput
1223 847 1255 906 in
1277 852 1369 907 certa-

110 951 187 1010 mine
208 947 383 1008 habiturnm.
413 937 518 1002 ³⁴N0n
549 942 617 1002 tulit
644 944 787 1003 ferociam
817 942 936 1003 barbari
959 942 980 984 ⁴*
1000 943 1149 1022 Erigyius,
1176 944 1278 1022 gravis
1308 942 1368 1022 qui-

110 1048 177 1107 dem
197 1050 300 1116 aetate,
322 1040 376 1099 sed
395 1044 424 1096 et
443 1038 531 1096 animi
554 1044 583 1097 et
604 1039 743 1117 corporis
766 1039 878 1100 robore
898 1038 972 1099 nulli
991 1039 1129 1099 iuvenum
1148 1038 1367 1117 postferendus.

110 1143 138 1202 ls
159 1140 243 1218 galea
266 1138 385 1212 dempta
408 1133 545 1194 canitiem
568 1140 728 1210 ostentans
753 1136 847 1209 Venit,
871 1134 973 1215 inquit,
993 1136 1063 1211 dies,
1085 1152 1144 1212 quo
1162 1142 1223 1193 aret
1241 1135 1368 1194 aaran

111 1243 168 1295 ant
181 1241 277 1292 morte
297 1232 514 1306 lmteatisslnra,
534 1232 639 1309 qnaler
650 1233 763 1290 amicos
776 1239 808 1290 et
822 1232 933 1290 milltes
945 1231 1122 1290 Alexander
1135 1229 1254 1305 lrabeat,
1274 1236 1368 1289 usten-

111 1333 192 1392 dam.
232 1325 334 1388 ³⁵Nec
356 1326 444 1405 plura
467 1326 629 1406 eloquatus
647 1326 677 1384 in
697 1327 814 1387 hostem
837 1327 905 1404 egit.
948 1326 1097 1387 Crederes
1120 1326 1310 1406 imperatum,
1337 1330 1369 1385 ut

111 1428 190 1488 acies
211 1431 356 1504 utraeque
378 1422 437 1483 tel-a
461 1422 644 1484 cohiberent.
688 1423 829 1482 Protinus
851 1428 931 1482 certe
960 1408 1159 1499 recesserunt,
1181 1423 1254 1482 dato
1273 1421 1369 1482 libero

111 1523 217 1602 spatio,
245 1520 349 1580 intenti
375 1519 405 1577 in
434 1525 572 1579 eventum
597 1536 658 1578 non
682 1519 810 1579 duorum
838 1519 939 1593 modo,
968 1519 1023 1579 sed
1054 1519 1142 1579 etiam
1168 1538 1241 1580 suae
1272 1517 1369 1589 sortis,

112 1619 223 1699 quippe
248 1616 376 1676 alienum
405 1614 566 1675 discrimen
595 1614 760 1694 sequuturi.
804 1610 925 1675 ³⁶Prior
952 1604 1096 1675 barbarus
1122 1615 1221 1676 emisit
1248 1615 1368 1685 hastam,

112 1735 200 1794 quam
220 1712 359 1790 Erigyius
381 1711 501 1771 modica
522 1709 628 1787 capitis
656 1709 857 1770 declinatione
885 1708 996 1785 vitavit,
1022 1717 1112 1791 atque
1138 1712 1205 1790 ipse
1233 1710 1369 1770 infestam

112 1810 259 1882 sarissam,
280 1827 359 1888 equo
379 1807 545 1868 calcaribus
567 1805 695 1879 concito,
725 1806 755 1864 in
775 1807 875 1866 medio
896 1806 1015 1867 barbari
1038 1813 1157 1884 gutture
1177 1807 1219 1867 ita
1238 1807 1313 1881 lixit,
1340 1812 1370 1865 ut

113 1925 167 1983 per
191 1904 338 1964 cervicem
361 1903 511 1963 emineret.
552 1895 579 1937 3⁷
587 1901 802 1980 Praecipitatus
829 1922 866 1963 ex
888 1922 966 1982 equo
989 1903 1134 1963 barbarus
1155 1894 1255 1963 adhuc
1275 1909 1370 1963 tamen

113 2001 308 2079 repugnabat.
351 1998 413 2060 Sed
430 1998 489 2058 ille
512 2004 674 2058 extractam
701 2018 717 2058 e
737 1998 863 2058 vulnere
884 2000 999 2059 hastam
1017 2017 1124 2059 rursus
1150 1998 1182 2058 in
1203 2018 1241 2060 os
1264 2000 1369 2078 dirigit.

113 2096 321 2169 Satibarzanes
343 2115 432 2155 manu
455 2095 640 2173 complexae,
670 2114 731 2174 quo
754 2094 896 2155 maturius
917 2094 1059 2171 interiret,
1089 2095 1182 2155 ictum
1204 2096 1302 2171 hostis
1323 2097 1370 2155 ad-

112 2193 194 2253 iuvit.
228 2187 257 2230 ³³
265 2193 303 2252 Et
322 2191 449 2266 barbari,
475 2192 552 2251 duce
571 2191 690 2264 amisso,
718 2210 806 2270 quem
827 2190 921 2268 magis
940 2192 1126 2267 trecessitate,
1150 2186 1242 2273 quam
1264 2199 1369 2270 sppnte

113 2287 232 2366 sequuti
262 2293 355 2362 erant,
382 2292 453 2347 tunc
478 2289 558 2347 haud
584 2287 772 2346 immemores
801 2286 976 2348 meritorum
998 2286 1172 2361 Alexandri,
1203 2308 1288 2348 arma
1308 2290 1368 2350 Eri-

113 2384 183 2462 gyio
205 2383 334 2443 tradunt.
362 2378 463 2444 ³⁹Rex
484 2384 530 2443 his
551 2382 671 2462 quidem
692 2382 796 2458 laetus,
828 2383 865 2443 de
887 2382 1042 2461 Spartanis
1069 2383 1301 2466 haudquaquam
1328 2405 1368 2446 se-

113 2498 212 2552 curae,
240 2498 348 2555 magno
367 2484 465 2539 tamen
487 2479 586 2539 animo
609 2478 759 2538 defectum
781 2496 886 2538 eorum
908 2479 982 2556 tulit,
1007 2480 1119 2556 dicens
1143 2500 1206 2542 non
1228 2488 1299 2543 ante
1323 2503 1368 2542 au-

114 2594 165 2634 sos
186 2573 311 2633 consilia
325 2577 448 2649 nudare,
472 2567 561 2653 quam
583 2574 682 2653 ipsum
704 2574 833 2634 adfines
858 2575 958 2635 Indiae
984 2577 1158 2654 pervenisse
1178 2584 1367 2655 cognossent.

112 2662 141 2706 ⁴⁰
158 2670 226 2747 lpse
258 2670 385 2730 Bessum
411 2688 596 2749 persequens
623 2669 726 2747 copias
754 2670 861 2732 movit:
891 2671 940 2731 cui
966 2671 1105 2751 Erigyius
1131 2672 1255 2734 barbari
1276 2680 1368 2752 caput,

113 2767 245 2845 opimum
267 2765 338 2825 belli
360 2766 461 2842 decus,
481 2767 654 2845 praeferens
677 2766 819 2827 occurrit.
925 2750 938 2771 ⁸

196 2862 273 2923 XX.
317 2857 458 2941 V2¹lgitur
479 2861 704 2922 Bactrianorum
728 2861 851 2939 regione
873 2861 1022 2925 Artabazo
1043 2866 1158 2942 tradita,
1187 2869 1324 2930 sarcinas
1344 2876 1368 2928 et

114 2958 324 3038 impedimenta
344 2956 384 3016 ibi
405 2978 472 3017 oum
494 2958 645 3037 praesidio
666 2958 794 3038 reliquit.
825 2960 893 3037 lpse
916 2981 985 3020 cum
1008 2962 1147 3040 expedito
1166 2965 1286 3043 agmine
1307 2966 1368 3026 loca

117 3140 276 3190 Caranus.
297 3142 321 3189 S.
339 3137 456 3201 7,11,z.
475 3167 504 3174 -
527 3137 657 3202 7,19,33.
702 3139 844 3205 Paqnam
863 3157 1002 3207 seqnem.
1025 3146 1049 3194 S.
1067 3146 1121 3196 Liv.
1141 3146 1184 3209 10,
1208 3144 1253 3208 36,
1272 3147 1303 3199 3:
1327 3165 1367 3198 aaa

115 3216 203 3275 sponte
220 3208 287 3256 inter
306 3206 398 3255 irruitur
418 3205 660 3322 terqioersantesque
679 3209 789 3272 segnis
805 3225 929 3274 pugna—
940 3211 1029 3276 coepit.
1051 3239 1080 3249 -
1099 3214 1214 3279 aequis
1231 3216 1367 3265 viritas,

115 3278 139 3325 S·
157 3290 189 3324 ΖΗ
204 3272 228 3331 h,
245 3274 301 3336 1,‘l.
322 3302 349 3309 ·
370 3280 473 3320 ΜΝ·
496 3275 521 3321 S·
542 3275 595 3322 Liv.
634 3271 699 3335 ³38,
717 3274 761 3324 10:
782 3274 827 3324 illo
849 3276 889 3323 dle
908 3276 940 3325 ah
960 3277 1025 3327 horu
1042 3278 1092 3328 diei
1110 3282 1190 3331 tertia
1206 3281 1244 3331 ad
1258 3292 1368 3334 octauam

112 3344 151 3393 ita
170 3358 293 3409 anceps
315 3340 409 3389 elicitur
435 3347 563 3388 certamen
590 3341 746 3403 stetisse,
771 3350 799 3392 at
819 3359 899 3408 neque
919 3343 1026 3406 clamor,
1052 3354 1082 3395 at
1097 3349 1183 3415 primo
1212 3351 1294 3401 semel
1309 3368 1367 3402 con-

113 3427 189 3460 cursu
208 3406 393 3467 essentiane,
417 3407 525 3456 iteratas
549 3407 599 3469 sit,
622 3424 702 3474 neque
719 3410 793 3475 signa
808 3419 928 3477 promota
950 3411 1005 3463 loeo
1029 3420 1130 3465 retrove
1148 3424 1273 3483 recepta,
1297 3435 1368 3486 neque

112 3494 243 3528 recursum
258 3475 290 3525 ab
305 3473 369 3523 nlla·
380 3472 414 3522 sit
429 3481 513 3540 parte.

181 3567 205 3630 7,
226 3566 267 3626 19,
284 3564 327 3615 31.
365 3564 549 3614 Barbari*
569 3566 746 3633 Erigyius.
782 3570 831 3619 Die
850 3571 948 3621 Gadd:
980 3569 1160 3622 hduaillius
1179 3577 1318 3627 maciem.
1347 3577 1367 3625 F.

114 3638 182 3687 nach
202 3636 293 3697 Conj.:
322 3632 344 3680 b.
369 3633 421 3681 dna
444 3634 571 3692 maritas
595 3634 726 3700 Eripyinr.
760 3638 784 3685 Z.
806 3638 876 3686 nach
894 3639 979 3701 Conj.:
1007 3636 1029 3686 l.
1051 3638 1122 3689 duria
1141 3639 1274 3707 Erigyius.
1298 3672 1326 3683 ·-
1346 3642 1368 3701 7,

114 3702 156 3766 19,
174 3700 214 3755 35.
234 3700 337 3751 Acies
355 3708 525 3766 atraeque
544 3716 616 3753 zwar
635 3717 719 3766 gagen
736 3703 787 3753 den
808 3704 1157 3768 gowohnlichenGebrauch
1176 3709 1251 3770 (man
1273 3716 1368 3764 maeste

113 3772 184 3821 denn
203 3769 270 3820 aeter
288 3769 335 3818 aul
358 3770 435 3830 J'eder
453 3771 524 3818 Scite
552 3771 590 3820 als
616 3771 667 3820 den
693 3770 820 3834 lnbegrill
844 3772 980 3822 mehrerer
1006 3774 1139 3825 hlaineror
1156 3776 1368 3831 Schlachtreiben

114 3839 218 3900 lassent,
238 3838 304 3887 aber
323 3838 393 3889 doch
411 3837 495 3885 durch
514 3838 617 3887 sichero
637 3839 766 3901 Beispiole
786 3838 931 3901 gesohutzt.
952 3838 1105 3903 S.Liv.33,
1123 3840 1162 3905 18,
1184 3842 1231 3895 12:
1250 3853 1369 3897 steterunt

113 3906 202 3954 acles
222 3912 387 3968 atraeque
405 3905 574 3970 snperrtpam
589 3905 715 3955 torrentis.
734 3904 800 3956 lbld.
820 3902 964 3966 36,16,6;
986 3900 1370 3981 Aetoloram'utraeqae

112 3988 227 4021 manas
245 3971 398 4020 Heracleam
415 3987 469 4018 rese
480 3969 644 4022 incluserunt.
666 3973 729 4023 Flor.
747 3970 772 4035 3,
785 3972 812 4034 5,
823 3971 871 4023 21:
889 3972 965 4038 Iberi,
983 3973 1077 4043 Caspii,
1095 3975 1194 4029 Alteri
1212 3988 1239 4031 et
1253 3990 1369 4033 utrae·

114 4057 172 4104 qne
188 4038 364 4088 sollicitantur
381 4037 564 4089 Armeniae.

180 4126 323 4191 7,19,36.
360 4125 496 4193 Atqnei
523 4146 560 4181 se.
581 4130 621 4179 E:
641 4128 746 4196 etipse.
767 4130 1368 4203 —inqutlurefa'aitS.zu1,38‚25.

114 4195 186 4255 -7,
207 4194 248 4255 19,
267 4194 306 4246 37.
326 4196 429 4245 Manu.
451 4198 475 4246 F.
510 4204 592 4247 astam
607 4212 692 4246 manu.
712 4225 743 4233 -
762 4195 788 4258 7,
808 4196 848 4261 19,
867 4196 910 4250 39.
939 4199 1120 4264 Desectam.
1140 4202 1180 4253 E:
1199 4204 1368 4271 desectionem.

114 4260 232 4326 Defectus
253 4266 288 4313 ist
316 4265 342 4312 in
362 4265 450 4314 dieser
474 4265 629 4328 Bedeutung
653 4269 773 4316 ausserst
790 4267 883 4316 seiten.
906 4294 934 4304 -
966 4268 1123 4319 consilia
1150 4272 1298 4338 nudare,
1324 4277 1369 4325 wie

113 4332 167 4378 Liv.
187 4327 230 4390 10,
251 4327 293 4390 21,
311 4329 340 4378 9:
360 4347 391 4378 ne
409 4346 492 4396 poena
510 4332 561 4380 elas
581 4331 735 4381 consilia
755 4332 874 4383 adamus
894 4334 1022 4385 Romanos
1041 4336 1202 4392 nudaret.
1220 4338 1262 4405 35,
1283 4340 1368 4407 321:

114 4396 165 4444 iarn
184 4398 257 4457 enim,
279 4405 303 4445 et
321 4397 349 4444 id
366 4399 446 4463 napis
466 4398 569 4458 indies,
590 4396 678 4448 Aetoli
705 4399 933 4463 desectionem
959 4404 1134 4455 nudabant.
1157 4434 1185 4443 -
1217 4409 1260 4459 ael
1284 4412 1369 4475 finer

114 4461 240 4514 Indiae.
275 4466 318 4512 his
338 4466 385 4514 der
405 4467 534 4515 hulstend
556 4467 694 4527 atrsbrach,
720 4481 777 4516 wer
797 4471 944 4521 Alexander
962 4475 1029 4522 noch
1048 4474 1110 4523 sehr
1128 4476 1193 4525 ueit
1212 4490 1266 4527 von
1283 4480 1368 4531 lndien

115 4531 238 4605 entiernt.
258 4557 284 4566 ·-
311 4530 335 4593 7,
356 4529 453 4592 tntu
474 4532 756 4598 Barbaricapnt‚
777 4538 924 4601 apiarum.
952 4541 1023 4589 Nach
1041 4542 1127 4603 Conj.:
1146 4542 1185 4591 F.:
1204 4543 1292 4613 spolia
1312 4546 1366 4596 lar-

114 4593 172 4645 bam
191 4612 236 4645 een
253 4597 368 4663 opimam.
410 4601 459 4648 Die
480 4602 559 4649 stelle
578 4604 612 4649 ist
631 4602 692 4650 sehr
711 4604 841 4654 unsicher.
