2820 4964
112 170 177 235 aab
578 171 619 253 Q.
642 171 782 233 cuam!
804 170 901 264 RUPl

113 361 181 421 gem
200 359 375 422 precesque,
403 345 436 401 ut
457 340 557 419 ipsum
582 341 777 417 vindicarent,
805 341 1045 404 continebantur.
1097 336 1224 421 ³¹lgitur
1254 344 1376 423 cognita

113 438 193 514 regis
215 438 368 499 voluntate
390 456 451 498 non
474 437 595 517 quidem
616 437 789 518 indignatio,
810 439 866 499 sed
881 445 980 499 umen
997 437 1107 499 seditio
1125 458 1304 518 compressa
1324 449 1375 513 est,

112 534 244 613 Dilapsis
263 533 401 614 pluribus
424 533 514 613 pauci
535 540 748 611 remanserunt,
778 534 837 615 qui,
858 534 963 596 saltem
984 540 1019 597 ut
1037 554 1151 617 corpus
1171 536 1271 616 ipsius
1290 557 1376 617 sepe-

112 630 168 692 lire
189 631 405 711 permitterent,
425 630 634 709 precabantur.
685 625 779 693 ³²Diu
805 631 835 691 id
857 635 998 710 negatum
1025 637 1080 708 est,
1109 631 1256 694 Cleandri
1286 640 1375 709 metu,

111 746 151 788 na
170 727 337 789 offenderet
356 748 467 807 regem.
503 727 688 788 Pertinacius
711 727 819 789 deinde
840 727 1042 806 precantibus,
1064 729 1219 791 materiem
1243 737 1375 793 conster-

111 823 240 885 nationis
267 824 497 886 subtrahendam
523 829 615 900 ratus,
649 823 747 903 capite
777 823 880 885 deciso
908 802 1046 887 truircnm
1077 825 1202 888 humare
1232 826 1373 906 permisit

111 914 194 982 ”Ad
215 940 317 999 regem
340 925 432 999 capnt
449 920 572 981 missum
595 927 648 982 cst.

194 1017 252 1079 Hic
270 1017 367 1079 exitus
387 1016 592 1078 Parmenionis
612 1017 677 1093 fuit,
695 1018 817 1081 militiae
840 1020 983 1102 domique
1004 1017 1078 1080 clari
1097 1018 1162 1081 viri.
1193 1020 1293 1083 Multa
1313 1021 1372 1082 siue

111 1133 184 1193 rege
202 1131 361 1191 prospere,
378 1132 433 1173 rex
452 1112 516 1174 sine
538 1113 592 1174 illo
615 1113 689 1174 nihil
707 1135 831 1195 magnae
851 1117 896 1178 rei
915 1122 1057 1196 gesserat.
1099 1115 1293 1180 Felicissimo
1314 1119 1372 1199 regi

111 1216 143 1272 et
163 1208 263 1271 omnia
280 1210 319 1270 ad
341 1211 480 1271 fortunae
507 1229 581 1271 suae
603 1211 733 1290 exigenti
755 1214 878 1275 modum
900 1213 1053 1275 satisfecit.
1095 1214 1190 1275 LXX
1216 1222 1309 1279 natus
1327 1236 1372 1277 an-

111 1325 177 1382 nae,
206 1305 321 1368 iuvenis
340 1307 428 1368 ducis
456 1313 485 1368 et
505 1326 596 1386 saepe
618 1309 706 1369 etiam
727 1309 857 1388 gregarii
878 1309 980 1371 militis
997 1309 1099 1371 monia
1127 1309 1278 1389 explevit:
1308 1333 1372 1375 acar

112 1404 249 1479 consilio,
283 1423 373 1465 manu
400 1409 549 1481 strennus,
582 1425 670 1467 carus
698 1404 895 1486 principibus,
933 1406 1025 1486 vulgo
1056 1406 1183 1467 militum
1210 1409 1371 1489 acceptior.

110 1495 226 1563 ³⁴llaec
246 1499 420 1580 impulerint
440 1499 525 1561 illum
545 1501 583 1560 ad
604 1501 688 1580 regni
714 1504 916 1582 cupiditatem,
942 1524 980 1565 an
1001 1509 1116 1565 tantum
1134 1511 1315 1584 suspectum
1335 1508 1372 1568 fe-

110 1598 215 1674 cerint,
233 1596 344 1676 ambigi
362 1602 471 1676 potest,
493 1597 563 1679 quia
587 1597 718 1660 Philotas
739 1599 851 1661 ultimis
873 1600 1056 1662 cruciatibus
1075 1600 1175 1663 vietus
1196 1621 1312 1665 verane
1333 1604 1372 1664 di-

110 1696 196 1771 xerit,
224 1715 300 1775 quae
326 1695 404 1755 facta
425 1693 550 1773 probari
576 1715 638 1756 non
659 1702 807 1774 poterant,
840 1717 877 1758 an
899 1696 983 1759 falsis
1011 1704 1232 1759 tormentorum
1258 1701 1372 1779 petierit

110 1794 207 1867 finem,
229 1811 263 1852 re
285 1810 406 1872 quoque
428 1791 551 1867 recenti,
573 1812 664 1872 quum
687 1793 780 1872 magis
800 1800 906 1872 posset
923 1793 1047 1874 liquere,
1066 1794 1234 1857 dubitatum
1259 1805 1316 1860 est.

194 1889 237 1949 X
278 1883 491 1963 ³5Alexander,
515 1908 592 1968 quos
609 1888 704 1950 libere
726 1897 853 1951 mortem
875 1890 1079 1953 Parmenionis
1100 1900 1289 1972 conquestos
1311 1915 1372 1956 esse

111 1990 308 2065 compererat,
337 1983 522 2063 separandos
545 2005 563 2044 a
582 1991 684 2045 cetero
707 1986 839 2047 exercitu
859 1992 950 2063 ratus,
978 1987 1009 2049 in
1028 2008 1118 2049 unam
1139 1989 1299 2052 cohortem
1330 2012 1372 2053 se

111 2083 213 2156 crevit,
247 2081 413 2161 ducemque
442 2080 488 2141 his
512 2080 677 2142 Leonidam
705 2082 796 2156 dedit,
823 2088 853 2143 et
881 2083 980 2162 ipsum
1006 2085 1198 2147 Parmenioni
1222 2089 1371 2167 quondam

110 2178 212 2239 intima
231 2176 430 2238 familiaritate
453 2177 654 2240 coniunctum.
705 2173 733 2217 ³⁶
742 2179 820 2241 Fere
839 2179 928 2241 iidem
952 2187 1043 2257 erant,
1068 2201 1145 2262 quos
1163 2182 1302 2264 alioquin
1323 2207 1372 2248 rex

110 2275 254 2336 habuerat
272 2274 394 2337 invisos,
437 2275 516 2336 Nam
538 2296 630 2355 quurn
653 2276 783 2355 experiri
807 2277 898 2339 vellet
914 2276 1041 2339 militum
1059 2278 1184 2356 animos,
1210 2280 1370 2359 admonuit,

110 2371 162 2454 qui
182 2372 295 2432 litteras
315 2369 346 2430 in
367 2368 573 2434 Macedoniam
591 2374 629 2433 ad
649 2392 723 2435 suos
745 2373 924 2453 scripsisset,
945 2373 1000 2450 his,
1028 2394 1106 2455 qnos
1133 2376 1201 2455 ipse
1229 2378 1369 2456 mittebat,

109 2467 270 2548 perlaturis
292 2488 360 2528 cum
382 2469 449 2547 lide,
478 2469 617 2532 traderet
660 2469 844 2549 Simpliciter
870 2471 909 2532 ad
932 2472 1121 2534 necessarios
1146 2490 1221 2535 suos
1249 2477 1371 2559 quisque

110 2565 281 2644 scripserat,
306 2585 382 2645 quae
400 2567 560 2629 sentiebat:
593 2566 659 2628 aliis
685 2565 784 2646 gravis
807 2572 878 2642 erat,
902 2566 1055 2649 plerisque
1074 2586 1136 2629 non
1163 2568 1285 2649 ingrata
1302 2574 1371 2635 mili-

109 2662 158 2724 tia.
204 2657 281 2722 ³⁷lta
303 2668 333 2722 et
351 2663 500 2742 agentium
523 2663 633 2742 gratias
653 2670 683 2725 et
702 2663 890 2745 querentium
908 2663 1025 2727 litterae
1047 2669 1193 2744 exceptae
1213 2675 1296 2732 sunt.
1336 2670 1370 2730 Et

110 2760 162 2842 qui
184 2761 262 2822 forte
283 2760 412 2821 taedium
432 2759 547 2821 laboris
569 2779 625 2839 per
642 2759 756 2821 litteras
783 2767 869 2822 erant
890 2760 995 2842 questi,
1013 2758 1035 2802 *
1068 2761 1154 2823 Hanc
1175 2782 1304 2829 seorsus
1326 2785 1370 2827 co

109 2859 227 2918 hortem
252 2876 270 2915 a
294 2857 401 2918 ceteris
424 2857 547 2919 tendere
569 2857 750 2935 ignominiae
774 2875 865 2917 causa
886 2857 977 2932 iubet,
1005 2855 1181 2920 fortitudine
1210 2862 1371 2924 usurnsin

109 2953 201 3030 bello,
227 2953 396 3016 libertatem
417 2953 536 3033 linguae
557 2953 594 3015 ab
617 2953 739 3015 auribus
764 2952 895 3015 credulis
922 2959 1102 3015 remoturus
1142 2955 1183 3017 Et
1204 2958 1369 3037 consilium,

109 3050 300 3112 temerarium
319 3050 444 3110 forsitan
459 3049 586 3128 (quippe
608 3048 762 3109 fortissimi
784 3049 907 3111 iuvenes
929 3049 1118 3112 contumeliis
1142 3051 1251 3114 irritati
1267 3057 1368 3133 erant),

110 3147 188 3208 sicut
199 3145 299 3205 omnia
319 3143 383 3216 alia,
405 3144 530 3204 felicitas
555 3144 635 3224 regis
660 3145 786 3224 excepit.
826 3139 946 3205 ³⁸Nihi1
966 3144 1024 3206 illis
1044 3146 1084 3207 ad
1105 3146 1186 3210 bella
1202 3152 1369 3233 promptius

110 3242 174 3303 fnit.
217 3238 362 3299 Incitabat
384 3239 522 3300 virtutem
550 3249 580 3300 ct
606 3240 785 3319 ignominiae
806 3241 969 3303 demendae
992 3243 1104 3322 cupido
1133 3251 1164 3307 et
1192 3247 1266 3328 quia
1288 3248 1369 3310 fortia

109 3340 187 3399 facta
208 3337 239 3397 in
261 3337 366 3416 paucis
387 3336 480 3398 latere
504 3356 566 3398 non
592 3342 740 3416 poterant.

193 3436 248 3496 XI.
292 3429 401 3495 ιῙΜΗίε
422 3433 464 3494 ita
484 3434 669 3514 compositis,
695 3433 876 3510 Alexander,
907 3434 1087 3498 Arianorum
1112 3443 1235 3520 satrape
1263 3442 1369 3505 consti-

178 3618 204 3679 7,
222 3617 246 3681 9,
264 3618 307 3670 30.
344 3618 626 3670 continebantur
655 3621 681 3670 in
711 3619 917 3670 verschiedener
941 3621 1091 3686 Beziehung
1118 3636 1151 3672 zu
1180 3622 1295 3675 insidiae
1320 3626 1369 3676 und

108 3705 204 3755 preces.
226 3715 257 3724 —
280 3686 304 3747 7,
321 3685 344 3748 9,
363 3686 402 3738 31.
434 3687 639 3755 Compressu.
665 3690 690 3737 S.
706 3689 757 3737 Cic.
778 3687 839 3737 Phil.
863 3685 904 3746 10,
923 3685 947 3750 5,
965 3686 1010 3737 11:
1037 3689 1088 3738 nisi
1104 3689 1263 3742 incredibilia
1283 3693 1368 3744 acdi-

108 3757 169 3806 uina
186 3757 266 3806 uirtus
286 3755 396 3819 furentis
416 3756 522 3806 hominis
539 3763 657 3806 conatum
676 3761 699 3803 ei
717 3753 853 3804 audaciam
870 3757 1063 3822 compressisset.
1074 3785 1102 3793 —
1116 3756 1140 3821 7,
1149 3754 1173 3820 9,
1181 3755 1223 3809 3⁸2.
1241 3758 1334 3810 Metu
1347 3763 1369 3810 S.

109 3841 140 3876 zu
161 3820 438 3888 l,14,18.l,23,16.
457 3853 485 3862 -
505 3822 783 3874 subtrahendam.
804 3825 830 3872 S.
844 3824 885 3874 Ps.
903 3824 929 3873 C.
948 3825 1024 3874 nam.
1040 3823 1066 3884 5,
1089 3823 1136 3876 11:
1152 3828 1277 3877 nonnisi
1293 3845 1369 3896 apen-

109 3894 167 3943 dum
185 3892 256 3942 nobis
272 3893 330 3956 fuit,
350 3900 379 3942 ut
398 3894 528 3943 materiem
545 3891 756 3942 subtraheremus¹
767 3891 853 3953 furori
869 3889 934 3940 tuo?
951 3917 982 3928 ·-
1008 3891 1032 3955 7,
1048 3890 1074 3954 9,
1093 3891 1135 3944 33.
1156 3893 1292 3945 lunonis
1311 3897 1370 3947 du-

109 3963 162 4013 cis.
198 3963 339 4012 h'alschlich
359 3963 559 4026 interpungiren
574 3961 695 4011 hndere:
714 3958 819 4018 iuuenis,
840 3958 918 4008 ducis.
1180 3980 1184 3985 ·

176 4053 200 4114 7,
223 4053 261 4116 10,
280 4051 322 4103 35.
350 4051 474 4101 hibere
492 4053 556 4103 fehlt
573 4053 617 4103 bei
635 4050 660 4101 F.
679 4051 764 4114 Vergl.
783 4046 807 4111 6,
825 4047 849 4111 ⁴l,
865 4047 897 4099 l:
915 4048 1060 4098 liberior
1074 4049 1142 4099 inler
1158 4059 1262 4102 mutum
1277 4070 1371 4120 quna-

110 4121 148 4170 las
167 4120 247 4171 dolor.
268 4149 299 4157 -
319 4117 457 4183 7,10,3o.
478 4120 655 4185 Alioquin.
675 4121 712 4169 F.:
736 4117 841 4184 alioqui.
862 4120 888 4167 S.
904 4132 937 4167 zu
957 4114 980 4180 4,
995 4116 1020 4179 7,
1038 4116 1063 4169 5.
1087 4144 1115 4154 -
1144 4134 1217 4168 cuna
1238 4120 1325 4184 fide.
1346 4124 1369 4170 S.

108 4187 133 4247 8.
155 4189 178 4251 9,
199 4188 240 4239 31.
278 4190 335 4238 Und
359 4203 392 4238 zu
416 4186 503 4249 3,31,
527 4186 618 4238 13-
646 4185 672 4246 7,
692 4186 731 4249 10,
749 4184 792 4236 37.
822 4185 836 4213 ⁴*
858 4184 960 4235 Hunc.
996 4187 1050 4237 Das
1074 4187 1186 4238 Zeichen
1210 4188 1260 4239 der
1285 4191 1371 4240 bilche

109 4258 188 4308 fehltc
206 4257 305 4307 bishcr.
335 4257 389 4306 Der
409 4257 530 4307 fehlende
550 4255 674 4305 Satztheil
692 4269 767 4304 muss
785 4254 829 4304 die
846 4254 890 4305 bei
916 4256 939 4318 5.
955 4250 989 4303 36
1007 4254 1166 4317 begonnens
1183 4255 1371 4322 Einscbaltung

108 4325 313 4388 abgeschlossen
333 4324 427 4375 haben.
465 4323 540 4373 Hanc
559 4322 688 4372 cohortem
712 4323 818 4373 bezieht
840 4323 896 4373 sich
917 4321 966 4372 aul
984 4324 1006 4386 ἓ.
1028 4320 1069 4372 35.
1089 4349 1117 4359 -
1146 4338 1302 4375 seorsus.
1330 4326 1370 4375 F.:

108 4408 226 4442 seorsum.
246 4420 277 4428 --
295 4391 319 4452 7,
341 4390 381 4451 10,
402 4390 441 4442 38.
464 4391 593 4440 Fortia.
615 4391 654 4440 R:
671 4390 792 4453 fortiora.
810 4391 836 4441 S.
855 4405 887 4441 zu
907 4387 932 4451 7,
948 4387 972 4451 3,
990 4387 1032 4438 99.
1273 4388 1276 4393 '

177 4483 200 4543 7,
221 4483 262 4543 11,
283 4483 305 4533 1.
341 4482 556 4534 Arianorum.
586 4484 644 4531 Arr.
661 4480 685 4544 3,
698 4479 738 4543 95,
756 4480 772 4529 7
790 4482 896 4544 erzahlt,
915 4482 978 4531 dass
996 4481 1145 4532 Alexander
1159 4494 1208 4532 vor
1223 4482 1286 4533 dem
1302 4485 1371 4547 zuge

109 4551 176 4599 nach
194 4553 344 4615 Drangiane
372 4553 424 4602 den
443 4554 538 4602 Persen
556 4551 680 4600 Arsames
704 4549 770 4599 oder
790 4552 903 4601 hrsaces
925 4562 987 4605 aum
1005 4551 1136 4613 Satrapen
1156 4551 1206 4601 der
1224 4552 1303 4602 hrfer
1323 4565 1370 4603 01-

109 4620 193 4668 nannt
210 4618 288 4670 habe.
324 4619 391 4670 Dass
409 4621 505 4671 Ariana
530 4618 585 4671 und
602 4618 752 4683 Drangiane
772 4631 825 4669 von
840 4617 989 4673 alexander
1006 4630 1038 4667 zu
1059 4618 1135 4671 01101
1159 4620 1285 4684 satrapis
1303 4632 1370 4672 ver-
