2820 4964
319 216 373 281 Ι.
397 218 618 287 19-11.
643 218 700 282 11.
721 223 856 285 12-15.
874 221 915 285 Χ.
939 224 1070 286 16-18.
1282 221 1326 286 99

10 395 12 405 “
60 384 86 427 ¹⁴
97 387 192 468 Apud
213 389 394 450 Macedonas
421 411 543 472 quoque
568 409 660 471 quum
683 391 762 451 sorte
781 410 889 469 panem
911 391 1032 470 quidam
1059 391 1187 452 miiitum
1206 391 1324 470 irarrge

61 493 139 560 rent,
160 485 308 554 manantis
326 486 479 564 sanguinis
501 492 598 567 guttas
618 492 806 548 notaverunt.
839 487 1020 568 Territaque
1039 507 1118 568 rege,
1136 488 1321 563 Aristander,

20 620 30 679 ἢ·
62 582 261 663 peritissimus
280 587 389 658 vatum,
419 583 444 645 si
464 585 765 646 extrinsecuscruor
782 583 925 659 fluxisset,
951 584 1168 645 Macedonibus
1188 583 1219 642 id
1238 584 1323 644 triste

62 682 196 740 futurum
224 677 282 738 ait:
311 683 425 754 cenna,
456 700 547 760 quum
575 679 613 740 ab
642 678 785 740 interiore
813 687 899 756 parte
924 681 1095 755 manaverit,
1126 680 1203 755 urbi,
1233 699 1322 760 quam

62 775 202 837 obsidere
232 775 425 848 destinasset,
455 776 578 836 exitium
607 775 798 854 portendere.
840 771 864 814 ¹⁵
874 775 1048 836 Alexander
1074 795 1166 856 quum
1190 781 1221 835 et
1248 775 1323 836 clas-

61 892 124 933 sem
146 871 255 949 procul
280 871 404 931 haberet
433 885 463 931 ct
488 872 609 951 longam
630 872 816 934 obsidionem
838 881 946 951 magno
968 871 1026 932 sibi
1045 873 1084 932 ad
1102 877 1204 932 cetera
1230 869 1323 949 impe·

60 968 195 1029 dimento
217 967 333 1026 videret
353 969 428 1041 iore,
448 969 671 1042 caduceatores,
690 969 742 1048 qui
761 969 800 1030 ad
821 989 926 1048 pacem
948 988 1001 1030 eos
1025 968 1249 1048 compellerent,
1268 967 1322 1027 mi-

58 1065 116 1126 sit:
148 1077 227 1142 quos
253 1062 337 1140 Tyrii
367 1064 539 1125 contra-ius
567 1064 697 1144 gentium
725 1066 845 1127 occisos
869 1066 1143 1146 praecipitaverunt
1168 1063 1198 1124 in
1219 1063 1321 1125 altum.

57 1160 163 1240 Atque
181 1157 231 1218 ille
250 1177 375 1220 suorum
396 1165 456 1220 tam
476 1161 597 1241 indigna
617 1175 714 1222 morte
731 1154 913 1238 commotas,
936 1163 1042 1224 urbem
1057 1161 1197 1224 obsidere
1209 1159 1319 1222 statuit.

147 1253 187 1316 X.
219 1249 311 1322 ¹⁶Sed
333 1261 402 1316 ante
426 1257 563 1318 iacienda
585 1258 681 1318 moles
712 1265 783 1333 erat,
810 1279 886 1339 quae
911 1259 1075 1320 continenti
1102 1257 1208 1318 urbem
1238 1277 1320 1318 com-

58 1353 199 1415 mitteret
241 1355 350 1432 Ingens
377 1373 451 1431 ergo
481 1354 597 1414 animos
626 1354 753 1413 militum
778 1354 949 1432 desperatio
977 1353 1109 1429 incessit,
1135 1353 1320 1415 cernentium
1389 1343 1393 1351 ’

59 1450 244 1530 profundum
263 1470 353 1526 mare,
382 1449 465 1529 quod
487 1449 537 1507 vix
565 1449 664 1508 divina
693 1468 752 1525 ope
775 1455 881 1526 posset
908 1447 1040 1526 impleri:
1070 1468 1147 1527 quae
1166 1465 1241 1518 saxa
1259 1456 1320 1508 tam

58 1550 152 1622 vasta,
176 1566 248 1627 quas
268 1555 328 1607 tam
352 1565 497 1624 proceras
516 1544 641 1604 arbores
659 1563 751 1622 posse
775 1544 922 1621 reperiri?
951 1543 1166 1604 exhauriendas
1187 1563 1254 1605 esse
1274 1563 1321 1604 re-

59 1643 175 1722 giones
195 1650 229 1704 ut
252 1643 328 1704 iilud
349 1641 477 1722 spatium
497 1646 744 1719 exaggeraretur:
771 1647 946 1701 exaestuare
969 1656 1089 1717 semper
1106 1640 1224 1715 fretum,
1246 1660 1320 1720 quo-

60 1759 121 1820 que
147 1741 240 1801 artius
267 1732 430 1801 volutetur
450 1739 527 1799 inter
554 1735 682 1797 insulam
707 1742 738 1796 et
765 1736 975 1813 continentem,
1003 1736 1062 1796 hoc
1090 1734 1190 1796 acrius
1209 1735 1318 1797 furere.

58 1831 137 1896 17Α1
162 1835 213 1895 ille
239 1837 468 1919 haudquaquam
495 1833 578 1896 rudis
612 1832 813 1912 pertractandi
840 1833 982 1894 militares
1018 1833 1133 1894 animos
1143 1880 1151 1907 ,
1154 1832 1318 1986 quevciem

60 1932 120 1994 sibi
150 1931 288 1993 Herculis
314 1933 344 1992 in
371 1953 478 1994 somno
505 1931 636 1992 oblatam
663 1949 729 1990 esse
756 1931 929 2010 pronuntiat
957 1930 1091 1990 dextram
1120 1948 1162 2007 po
1180 1929 1317 2008 rigentis:

60 2029 115 2088 iilo
138 2030 224 2103 duce,
252 2028 306 2089 illo
326 2029 477 2108 aperiente
500 2029 530 2088 in
552 2028 656 2088 urbem
680 2027 790 2088 intrare
810 2041 845 2094 sc
869 2027 974 2089 visum.
1016 2008 1098 2093 inter
1124 2028 1198 2086 haec
1228 2024 1319 2086 cadu-

60 2132 200 2187 ceatores
225 2125 408 2199 interfectos
435 2126 566 2202 gentium
588 2125 654 2184 iura
673 2123 784 2184 violata
812 2122 975 2183 referebat:
1001 2140 1181 2183 unamesse
1203 2122 1317 2197 urbem,

60 2242 140 2303 quae
161 2240 281 2280 cursum
301 2219 424 2280 victoris
442 2219 553 2280 morari
577 2239 649 2280 ausa
667 2226 754 2283 esset.
786 2213 813 2258 ¹8
821 2219 958 2280 Ducibus
976 2218 1084 2280 deinde
1101 2219 1255 2298 negotium
1267 2219 1318 2279 da-

62 2451 201 2510 tusatque
221 2444 843 2514 ominatristiaoertantInstirpem
861 2444 1063 2495 Aeneadum.
1094 2442 1266 2506 11021111,
1288 2443 1314 2493 1:
1399 2449 1405 2455 '

61 2530 139 2581 quum
156 2514 264 2562 omnium
282 2513 447 2562 secundorum
466 2514 677 2580 aduersorumque
696 2531 787 2565 causas
804 2514 839 2562 in
859 2513 936 2561 deos
956 2519 1140 2562 verterent.

129 2619 154 2684 4,
175 2619 256 2686 9,14.
298 2623 788 2690 9000900001911000190001.-
809 2620 1046 2687 Territorepe.
1077 2620 1152 2670 Aueb
1172 2623 1248 2670 sonst
1267 2634 1316 2671 er-

61 2691 166 2742 scbeint
184 2692 221 2744 11.
245 2693 271 2741 10
291 2692 379 2742 dieser
397 2693 569 2753 Schilderung
597 2692 636 2740 011
663 2691 702 2741 uis
725 2690 856 2751 hasungen
882 2690 908 2737 in
931 2690 993 2739 dem
1015 2687 1201 2752 Aberglauben
1228 2689 1316 2738 0010οι-

61 2760 125 2809 Zeit.
147 2761 173 2807 S.
192 2755 215 2818 4,
234 2756 276 2818 26,
298 2758 338 2808 12.
360 2758 400 2809 13.
420 2755 443 2818 4,
462 2758 505 2819 48,
526 2757 567 2808 15.
588 2756 613 2816 5,
634 2754 673 2815 13,
693 2756 716 2804 1.
736 2755 760 2804 2.
786 2753 811 2814 7,
831 2753 909 2804 3011.
936 2754 962 2815 7,
979 2753 1019 2815 31,
1039 2752 1080 2803 23.
1117 2754 1250 2804 Zuweiien
1267 2768 1316 2804 er-

61 2825 126 2877 hebt
141 2841 171 2877 er
189 2827 245 2876 sich
266 2826 332 2876 ’uber
349 2825 503 2886 densclhen,
531 2839 550 2872 s.
569 2820 594 2877 4,
612 2820 653 2881 39,
674 2819 691 2868 4
709 2823 745 2881 ff,
770 2823 836 2870 oder
852 2825 932 2872 weiss
951 2823 995 2870 ihn
1021 2821 1157 2883 geschickt
1181 2820 1223 2869 fiir
1242 2822 1317 2871 seina

62 2896 172 2945 Zwecke
193 2908 226 2942 zu
252 2891 395 2949 benutzen,
423 2888 544 2949 0410,
567 2887 607 2936 17.
647 2888 733 2938 Ueber
757 2888 809 2937 den
828 2889 951 2939 Wechscl
977 2889 1066 2939 seiner
1085 2888 1228 2937 Ansiahten
1252 2901 1272 2938 s.
1291 2885 1315 2950 7,

61 2959 104 3022 30,
122 2960 146 3011 8.
164 2989 192 2997 -
213 2965 334 3009 vatam.
366 2959 412 3007 Bei
423 2957 448 3004 F.
471 2957 535 3018 ioigt
549 2953 688 3018 respoudit,
709 2955 836 3004 wahrend
856 2956 905 3005 das
925 2955 983 3018 foig.
996 2955 1035 3004 ait
1051 2954 1122 3005 fehlt.
1135 2982 1163 2991 -
1175 2955 1315 3004 cetrin-

61 3044 173 3077 secus:
198 3040 248 3076 aus
267 3027 316 3074 der
333 3025 505 3074 Aussenseite
522 3022 629 3079 herous,
655 3021 704 3081 wie
727 3021 776 3071 der
793 3024 939 3085 Gegensatz
965 3021 997 3071 ab
1024 3022 1147 3072 interiore
1188 3029 1245 3071 arte
1261 3023 1316 3074 be·

63 3098 165 3147 weiset.
185 3122 213 3131 —
240 3091 461 3141 destinasset.
497 3086 604 3138 1100112
622 3088 717 3148 Codd.;
736 3088 827 3138 bishcr
845 3088 1018 3141 destinassem.
1059 3039 1315 3155 2013162129

59 3168 228 3229 peruenerunt
246 3160 282 3210 ad
298 3159 438 3225 auiqustias,
466 3173 528 3223 quas
549 3172 675 3222 compare
693 3156 901 3207 decreuerat.

130 3269 197 3334 4,9,
217 3269 257 3320 15.
296 3267 347 3318 Aa
363 3275 493 3327 cetera,
510 3267 561 3316 wie
580 3267 654 3315 Caes.
676 3264 700 3315 b.
720 3279 744 3329 g.
763 3263 785 3326 1,
805 3263 852 3316 25ε
873 3265 957 3318 Gallis
974 3284 1092 3334 napae
1114 3267 1157 3318 ad
1172 3283 1316 3335 pupaam

62 3348 121 3390 erat
137 3338 388 3405 impedimento.
408 3363 439 3371 -
460 3335 514 3383 ius
533 3333 693 3398 peritiam.
727 3334 813 3395 Vergi.
832 3331 857 3394 4,
878 3333 976 3397 10,17.
997 3333 1236 3398 11ν.39.25,10;
1263 3335 1317 3384 iam

61 3426 94 3458 ne
117 3425 134 3457 a
161 3405 251 3472 tepetis
269 3404 377 3470 quiden,
405 3403 448 3469 qai
466 3402 540 3451 iure
559 3400 706 3467 ‘pontium
731 3401 816 3449 sancti
842 3402 900 3463 sint,
924 3401 1050 3452 0101001110
1069 3402 1203 3452 abstinere.
1237 3402 1274 3451 lb.
1290 3400 1315 3463 5,

62 3473 149 3537 4,14;
178 3481 295 3523 auctores
314 3472 387 3535 fuere
403 3477 525 3520 cantra
551 3468 604 3516 ius
620 3469 774 3532 penitam
790 3468 875 3518 caedis
894 3469 987 3536 impiae
1005 3469 1146 3536 lepatonsm
1161 3466 1315 3518 neandrum.

62 3547 97 3596 Es
117 3544 186 3593 wird
206 3543 255 3591 der
271 3541 408 3590 ausdruck
427 3538 492 3588 aber
511 3537 580 3587 auch
596 3550 649 3586 von
670 3536 730 3586 dem
750 3537 904 3600 gebraucirt,
921 3551 978 3588 was
996 3539 1024 3586 in
1041 3538 1189 3602 Beziehung
1210 3537 1316 3588 auidis

62 3615 164 3676 Bttrgsr
187 3611 260 3660 eines
284 3610 372 3658 Staats
398 3606 466 3656 nach
488 3606 626 3668 allgemein
650 3605 848 3655 menschlichen
867 3606 1017 3668 Principien
1040 3605 1144 3655 erlaubt
1169 3602 1236 3656 oder
1263 3618 1315 3669 ge-

62 3679 216 3731 brduchiich
240 3678 285 3727 ist.
323 3677 358 3724 So
377 3675 448 3724 Curt.
474 3672 513 3734 10,
531 3671 572 3734 22,
592 3670 616 3722 2.
637 3669 661 3734 6,
679 3669 720 3734 42,
743 3670 781 3722 15.
810 3699 838 3710 -
864 3670 978 3738 Atque
1002 3670 1073 3722 ilie.
1108 3671 1195 3739 Atque
1220 3673 1316 3723 dritoki

62 3749 109 3799 die
128 3744 316 3796 unmitteibare
333 3742 506 3804 Verbindung
530 3741 578 3791 der
604 3740 701 3790 beiden
724 3741 897 3804 Handlungen
918 3755 979 3791 aus:
1006 3741 1049 3790 die
1072 3741 1184 3805 itbrigen
1207 3741 1317 3791 Griinde

62 3817 155 3866 hatten
183 3813 234 3862 den
254 3811 401 3861 Alexander
422 3809 562 3871 bewogen,
589 3809 641 3857 den
661 3809 724 3858 Plan
751 3809 799 3858 der
817 3809 981 3872 Belagerung
1006 3821 1039 3857 zu
1058 3807 1213 3871 eberingen:
1241 3808 1316 3859 disse

63 3881 223 3934 Gewaitthat
239 3878 377 3929 entschied
395 3877 436 3926 itir
453 3877 496 3926 die
512 3876 738 3939 Uuternehmung:
758 3877 813 3927 und
829 3889 860 3926 so
878 3876 1016 3927 beschioss
1034 3889 1065 3925 er
1080 3902 1127 3923 -·.
1147 3902 1176 3911 -
1190 3881 1314 3924 marte.

63 3952 107 4001 F.:
125 3964 194 3998 nece.
583 3978 585 3982 ψ

132 4054 157 4120 4,
180 4052 278 4118 10,16.
317 4053 408 4114 Quae
426 4068 511 4102 saaa
529 4059 593 4101 tam
611 4059 719 4102 easta.
746 4048 1330 4118 1101314,422910000109010010007

64 4128 138 4191 nasas
156 4123 278 4183 commisi,
295 4119 465 4170 Alexander?
482 4117 506 4182 6,
527 4117 568 4180 27,
586 4117 634 4170 3οε
661 4120 764 4186 quod,
784 4122 875 4186 iuquit,
891 4121 920 4171 in
935 4129 965 4178 te,
982 4120 1078 4182 Dimne,
1099 4127 1226 4169 tantum
1243 4118 1316 4183 eopi-

66 4195 121 4246 taai
138 4194 221 4255 iussas,
236 4197 265 4241 ut
287 4187 333 4238 tibi
349 4188 515 4238 Macedonum
533 4204 610 4254 repno
631 4186 854 4253 dipaiorPtilotas
873 4206 912 4238 me
931 4205 1029 4255 quoque
1047 4189 1102 4255 ipso
1117 4185 1264 4236 videretur?
1286 4213 1314 4222 -

66 4265 351 4327 saupperaretur.
372 4258 411 4306 F.:
431 4263 607 4321 appararetur.
633 4258 658 4306 S.
676 4252 700 4317 6,
720 4254 760 4319 17,
777 4254 821 4306 2οε
841 4264 945 4322 appesta
961 4256 1034 4306 bama
1055 4253 1208 4305 ementibus
1224 4251 1317 4320 pinni-

67 4332 126 4379 tiem
142 4328 221 4378 ramis
237 4324 382 4391 impeditam
401 4323 609 4389 eaeqperari
625 4323 770 4387 (91601).-
788 4331 999 4374 exaestuare.
1016 4325 1057 4374 F.:
1076 4331 1100 4372 et
1113 4330 1272 4372 eaamtuare.
1285 4350 1316 4358 -

66 4399 190 4461 (urere.
213 4397 238 4446 S.
257 4395 328 4456 Virg.
346 4395 408 4443 Aen.
428 4389 534 4455 1,1u7:
555 4391 648 4454 [urit
666 4399 750 4440 aestus
770 4393 863 4441 areanis.
1179 4396 1182 4401 '

135 4501 282 4566 4,10,17.
318 4499 581 4551 Pei-tractandi.
600 4501 642 4549 F.:
660 4500 799 4551 tractandi.
816 4527 844 4536 -
866 4514 997 4549 cursum
1014 4466 1171 4548 victdris.
1192 4496 1317 4562 Vergili,

70 4571 110 4634 12,
125 4571 161 4625 5:
187 4586 309 4621 cursus
334 4586 428 4620 renam.
446 4567 471 4632 8,
491 4566 531 4629 19,
551 4565 596 4617 19;
614 4567 698 4620 eodem
718 4583 835 4627 cursu,
851 4583 901 4686 pue
920 4567 1017 4630 fluam
1034 4566 1117 4617 adbuc
1139 4582 1188 4626 res,
1211 4567 1251 4615 ire
1264 4581 1320 4633 pa-

71 4642 179 4693 tiuntur.
200 4665 228 4677 -·
249 4635 333 4703 4,10,
353 4636 394 4690 18.
431 4635 592 4703 Gastipet.
625 4639 651 4688 S.
671 4639 747 4691 Caes,
764 4639 791 4688 b,
807 4649 831 4687 c.
846 4714 850 4721 ι
868 4674 874 4698 ,
892 4633 922 4687 3:
947 4634 1038 4687 madai
1055 4635 1186 4702 Pompeius
1203 4634 1321 4700 atquein
