2820 4964
391 204 447 266 111.
468 204 706 267 xxvxi-6.
728 204 862 271 xxvu.
884 207 1010 270 7-11.
1286 202 1330 269 45

74 386 146 452 gens
167 370 398 436 incitamentum
444 371 551 453 ⁸Ergo
571 375 664 436 frater
683 377 748 438 eius
767 378 924 453 Oxathres,
949 396 1040 458 quum
1061 374 1264 436 Alexandrum
1286 375 1329 435 iu-

75 476 151 531 stare
170 470 199 530 ei
222 476 366 546 cerneret,
386 470 510 552 equites,
533 472 641 551 quibus
659 477 810 551 praeerat,
832 481 900 535 ante
922 473 1022 552 ipsum
1043 491 1163 532 currum
1176 473 1256 551 regis
1275 473 1329 534 ob-

74 566 148 642 iecit,
176 569 266 629 armis
289 575 319 628 et
341 568 453 629 robore
475 568 614 655 corporis
636 569 762 630 multum
792 588 886 648 super
916 577 1035 631 ceteros
1061 569 1201 644 eminens,
1229 568 1328 628 animo

72 682 145 724 uero
166 670 197 725 et
216 665 331 744 pietate
347 665 378 724 in
400 664 595 743 paucissimis.
633 665 689 725 lllo
712 665 816 747 utique
835 667 953 746 proelio
983 666 1092 740 clarus,
1116 664 1192 725 alios
1218 664 1329 743 impro-

72 728 497 839 ude'lliimkiii'prostravu,
520 761 595 821 alios
617 761 645 820 in
667 762 768 840 sugam
788 763 903 823 avertit.
942 759 1006 823 ⁹At
1027 761 1211 822 Macedones
1233 760 1329 838 (circa

73 873 178 934 regem
203 860 302 935 erant)
332 862 435 916 mutua
454 855 660 917 adhortatione
680 859 804 935 firmati,
835 879 903 919 cum
924 859 991 937 ipso
1011 859 1041 917 in
1070 857 1202 938 equitum
1223 875 1329 934 agmen

73 951 260 1029 irrumpunt.
301 954 382 1012 Tum
402 929 476 1010 dero
496 952 600 1012 similis
631 954 733 1014 ruinae
753 923 873 1033 ξῖἷῖἓῗε
900 962 972 1016 erat.
1015 955 1105 1015 Circa
1127 971 1249 1013 currum
1272 954 1330 1012 Da-

68 1051 115 1107 rei
139 1047 280 1107 iacebant
300 1047 476 1108 nobilissimi
496 1049 595 1125 duces,
615 1056 683 1110 ante
705 1051 810 1112 oculos
831 1051 912 1130 regis
932 1051 1052 1130 egregia
1074 1055 1171 1109 morte
1188 1049 1329 1122 defuncti,

67 1163 179 1206 omnes
201 1144 230 1203 in
262 1163 329 1215 ora.
342 1143 439 1222 proni,
469 1145 548 1205 sicut
573 1146 746 1207 dimicantes
775 1147 1007 1224 procubuerant,
1036 1148 1165 1208 adverso
1197 1164 1329 1223 corpore

66 1241 249 1304 vulneribus
264 1241 404 1320 acceptis
435 1234 618 1305 1⁰1nterhos
632 1243 754 1323 Atizyes
773 1251 804 1304 et
820 1243 1029 1306 Rheomithres
1042 1249 1072 1303 et
1091 1243 1221 1318 SataceS,
1243 1256 1330 1320 prae-

67 1345 124 1399 tor
141 1335 281 1415 Aegypti,
311 1357 488 1417 magnorum
508 1340 693 1399 exercituum
715 1340 870 1417 praefecti,
898 1337 1139 1398 noscitabautur:
1170 1339 1250 1397 circa
1276 1357 1330 1399 eos

70 1434 225 1495 cumulata
246 1440 308 1494 erat
327 1435 461 1512 peditum
486 1435 678 1536 equitumhque
702 1434 862 1493 obscurior
886 1434 982 1492 turba.
1027 1433 1227 1493 Macedonum
1257 1453 1331 1512 quo-

71 1549 134 1612 que
156 1549 217 1589 non
241 1529 360 1610 quidem
379 1531 473 1607 multi,
502 1530 556 1591 sed
577 1512 794 1609 p'roh'iptissimi
819 1534 917 1588 tauron
940 1528 1019 1588 eaesi
1043 1535 1125 1589 sunt:
1153 1528 1230 1588 inter
1255 1548 1332 1608 quos

72 1624 240 1686 Alexandri
269 1627 408 1688 dextrum
436 1628 535 1688 femur
562 1625 669 1686 leviter
688 1630 841 1686 'mucrone
868 1623 1059 1704 perstrictum
1086 1631 1141 1686 est.
1185 1619 1332 1707 ¹¹'lamque

74 1723 129 1803 qui
142 1723 273 1782 Dareum
293 1723 443 1784 vehebant
463 1722 540 1804 equi,
564 1721 700 1783 confossi
715 1721 807 1781 hastis
825 1726 855 1780 et
876 1720 984 1782 dolore
998 1720 1118 1796 efferati,
1141 1720 1243 1798 iugum
1263 1743 1333 1801 qua·

72 1823 138 1878 tere
161 1822 191 1876 et
211 1837 311 1895 regem
333 1840 422 1880 curru
442 1827 583 1882 excutere
607 1824 789 1897 coeperant:
820 1837 912 1897 quum
941 1817 1002 1892 ille,
1029 1819 1150 1915 veqituq,
1179 1836 1218 1877 ne
1245 1817 1332 1881 vivus

73 1914 190 1975 veniret
208 1915 238 1973 in
260 1915 390 1976 hostium
412 1922 599 1995 potestatem,
622 1914 722 1974 desilit
743 1919 773 1974 et
793 1915 824 1974 iu
844 1935 963 1994 equum,
986 1915 1036 1994 qui
1054 1886 1168 1975 adfho'c
1188 1915 1332 1995 sequeba-

76 2014 131 2088 tnr,
162 2009 335 2091 imponitur,
364 2011 528 2090 insignibus
550 2031 671 2092 quoque
698 2011 825 2090 imperii,
854 2030 892 2072 ne
917 2011 1018 2089 sugam
1047 2010 1221 2089 proderent,
1250 2013 1333 2072 iude-

146 2262 172 2323 3,
191 2259 234 2323 27,
252 2259 276 2311 8.
314 2259 352 2309 Iu
372 2261 607 2327 paucissimis.
647 2264 731 2329 Vergl.
751 2261 774 2329 4,
791 2263 832 2329 34,
851 2263 877 2315 7.
896 2260 984 2327 6⁴29,
1002 2262 1025 2315 2.
1070 2266 1195 2317 Aehnlich
1219 2266 1333 2330 gedaclrt

77 2334 106 2381 C.
129 2328 154 2392 5,
176 2327 216 2391 17,
236 2327 266 2379 5:
282 2329 331 2377 iul
339 2345 372 2376 er
387 2345 498 2395 pauca
515 2331 636 2394 fortunae
653 2330 767 2400 exempla
782 2333 979 2383 memorandum.
1009 2334 1062 2382 Liv.
1083 2332 1123 2396 30,
1145 2332 1186 2394 30,
1207 2329 1256 2384 33;
1274 2334 1324 2382 iu·

77 2406 134 2447 ter
148 2412 267 2463 pauca
292 2394 425 2459 felicitatis
445 2397 562 2466 exempla
585 2399 620 2448 M.
648 2399 746 2450 Atilius
769 2401 868 2465 fuisset.
896 2427 924 2436 —
964 2398 988 2462 3,
1012 2399 1053 2462 37,
1079 2398 1102 2451 9.
1147 2398 1261 2449 Circa.
1289 2402 1331 2449 lt:

74 2473 106 2516 ut
127 2465 208 2515 circa.
244 2464 333 2527 Einige
357 2465 452 2515 codd:
478 2467 521 2532 qui
547 2467 626 2516 circa.
653 2496 685 2504 ·-
715 2469 790 2518 Tum
816 2483 911 2527 vero,
938 2482 984 2517 um
1014 2468 1062 2519 das
1092 2470 1226 2518 Eintreten
1258 2469 1332 2517 eines

74 2534 231 2595 wichtigen,
252 2532 475 2584 entscbeidenden
494 2537 624 2586 Moments
646 2538 821 2598 auzudeuten,
840 2550 860 2586 s.
882 2532 908 2594 3,
926 2531 970 2593 26,
988 2533 1017 2584 5:
1038 2542 1203 2584 tumuere
1226 2532 1333 2583 multum

73 2600 209 2666 sauquiuis
231 2598 315 2662 fusum
337 2605 381 2648 est.
398 2597 423 2661 3,
443 2599 486 2662 37,
509 2600 549 2654 13,
568 2599 593 2663 4,
612 2600 655 2663 43,
674 2601 716 2655 29.
732 2601 758 2664 4,
777 2599 820 2662 47,
841 2601 863 2652 1.
885 2600 908 2663 5,
925 2599 968 2662 33,
988 2598 1012 2653 9.
1031 2601 1057 2659 5,
1073 2601 1115 2662 37,
1137 2598 1178 2652 16.
1202 2597 1228 2662 6,
1245 2599 1271 2662 6,
1289 2599 1332 2654 30.

75 2666 103 2729 6,
125 2665 169 2728 41,
186 2665 210 2719 8.
232 2665 258 2727 7,
285 2663 311 2727 6,
335 2665 358 2719 7.
385 2666 411 2728 7,
437 2667 480 2730 37,
510 2667 550 2722 13.
575 2667 602 2730 8,
627 2669 655 2729 5,
679 2667 720 2720 48.
764 2672 816 2719 Liv.
835 2667 879 2728 30,
909 2667 950 2728 11,
976 2667 1016 2720 11.
1035 2670 1160 2719 Aehnlich
1188 2671 1214 2718 C.
1242 2666 1266 2732 3,
1290 2667 1331 2731 38,

73 2734 121 2786 33;
141 2743 219 2785 tuuc
236 2750 315 2806 vero
334 2735 476 2801 impotentis
488 2736 611 2799 fortunae
630 2738 724 2802 species
744 2736 857 2802 occupied
870 2736 966 2801 potuit.

145 2872 295 2934 3,37,10.
331 2874 489 2927 Sctceee.
519 2875 560 2922 F.:
580 2871 700 2922 Sabaces.
735 2875 819 2936 Vergl.
841 2870 865 2935 4,
881 2871 905 2933 5,
926 2869 967 2921 38.
989 2898 1021 2906 -
1048 2870 1332 2933 uescitadautur,

75 2943 129 2994 wie
146 2939 170 3004 8,
190 2939 230 3004 46,
251 2937 300 2991 34;
319 2948 349 2989 ut
366 2940 411 2989 nic
432 2938 629 3005 colloquentium
647 2939 720 2986 iater-
737 2939 804 3006 ipsos
833 2940 915 3005 facies
940 2937 1193 2992 uoscitaretur.
1229 2940 1333 2992 Ueber-

76 3012 164 3073 haupt
179 3010 266 3060 finden
297 3009 354 3059 stch
381 3009 423 3058 die
447 3007 536 3058 Verba
557 3007 752 3070 frequentativa
770 3007 813 3058 bei
833 3009 886 3058 den
910 3007 1075 3057 Historilrern
1095 3009 1222 3059 meistens
1246 3009 1333 3060 nabeu

76 3078 130 3128 den
147 3078 367 3126 Stammwbrtern
388 3075 464 3124 ohne*
477 3075 667 3125 wesentlicben
689 3075 861 3127 Unterschied
882 3076 929 3126 des
945 3077 1046 3125 Sinues.
1068 3102 1096 3111 -
1122 3091 1186 3124 uon
1204 3077 1333 3142 quidem

74 3143 194 3203 multi,
212 3143 270 3193 ced
289 3170 317 3179 -
343 3148 454 3191 tamen
476 3143 502 3191 in
531 3142 604 3192 nicht
631 3140 826 3207 g'eudhnlicher
849 3145 1046 3206 Wortstellung,
1074 3143 1117 3194 bei
1144 3145 1260 3196 wetcber
1285 3146 1333 3196 der

74 3211 175 3275 Begriff
200 3212 248 3262 der
272 3211 400 3326 Neqation
429 3211 492 3261 sehr
519 3211 593 3262 stark
619 3211 837 3276 hervorgehoben
863 3212 938 3274 wird,
966 3213 1018 3263 wie
1045 3209 1069 3274 7,
1095 3208 1118 3274 9,
1135 3210 1176 3262 31.
1201 3208 1225 3275 6,
1246 3211 1287 3276 30,
1307 3212 1331 3264 3.

74 3278 100 3341 5,
126 3276 168 3340 35,
194 3277 217 3329 3.
242 3276 266 3341 8,
289 3278 328 3341 1,
353 3274 378 3328 3.
405 3275 428 3339 5,
453 3275 494 3340 33,
521 3275 545 3328 2.
589 3280 662 3329 Doch
690 3279 774 3330 findet
797 3280 855 3331 sich
881 3281 950 3329 euch
978 3280 1020 3330 die
1049 3281 1230 3342 gewohnliche
1259 3283 1332 3330 Stel-

75 3349 147 3410 lung,
168 3347 219 3396 wie
238 3344 262 3407 5,
281 3343 322 3407 36,
343 3341 375 3394 A:
396 3360 439 3411 eqo
459 3352 552 3405 tamen,
572 3362 636 3395 uou
652 3353 682 3395 ut
699 3346 817 3397 domuum
837 3347 968 3414 quidem
987 3347 1073 3410 sacius
1098 3346 1201 3406 suadeo,
1225 3348 1281 3394 sed
1303 3355 1333 3395 ut

75 3422 153 3464 teuc
178 3429 282 3477 requam
305 3420 374 3463 tuum
395 3411 494 3462 salubri
519 3413 620 3462 ratione
647 3430 785 3467 conserues.
808 3411 834 3476 4,
851 3411 894 3474 46,
910 3412 958 3464 20:
976 3415 1121 3464 uuicwsam
1142 3412 1275 3479 quidem
1294 3415 1332 3462 rei

73 3482 170 3546 [aciem
189 3496 255 3529 uon
274 3478 386 3541 abstulit,
408 3481 761 3533 ceterum÷.—1uter
779 3498 875 3549 quos,
896 3484 932 3534 ist
943 3483 1005 3532 sehr
1019 3484 1166 3545 nachlttssig
1177 3481 1331 3545 gebraucht,

75 3549 182 3600 ahntich
203 3550 252 3598 wie
270 3545 293 3611 6,
313 3545 352 3610 17,
374 3545 420 3597 18:
438 3547 531 3613 iquotia
551 3547 613 3598 loeis
628 3547 745 3617 plerique
756 3548 910 3599 oberrabant
929 3551 1137 3617 ecceptique
1153 3557 1235 3598 suut
1253 3549 1333 3616 qui-

75 3616 166 3676 dam,
186 3615 284 3664 iuter
301 3630 383 3682 quoa
403 3630 504 3682 equus
520 3617 623 3683 reqis:
642 3615 816 3683 Bucephalam
831 3615 965 3669 uocabant.

145 3741 232 3805 3,27,
253 3741 291 3794 11.
329 3741 464 3795 Adhuc.
492 3746 516 3794 Z.
535 3744 586 3808 gab
606 3745 683 3795 daftlr
700 3745 735 3794 ud
751 3745 798 3795 hoc
813 3746 900 3812 ipsum.
937 3748 1012 3796 Zwar
1033 3745 1129 3796 istud
1147 3745 1333 3813 hocipsu‘m

75 3813 119 3863 bei
138 3812 304 3861 Historikern
322 3811 396 3860 nicht
413 3813 505 3873 settcn,
527 3812 616 3861 indem
636 3813 678 3863 die
696 3815 759 3863 Idea
777 3814 825 3863 des
843 3813 1091 3864 vorschwebenden
1109 3816 1235 3865 Zweckes
1249 3815 1332 3864 durch

74 3880 131 3947 ipse
157 3879 277 3928 scharser
303 3878 460 3928 bezeichnet
487 3879 560 3928 wird.
604 3881 639 3929 So
660 3881 686 3929 C.
704 3877 728 3941 4,
751 3878 789 3941 13,
809 3878 832 3930 3.
850 3876 873 3941 4,
892 3879 915 3942 5,
934 3878 974 3930 30,
1015 3884 1068 3931 Liv.
1095 3878 1119 3942 2,
1140 3878 1181 3942 13,
1207 3880 1238 3931 5:
1264 3880 1332 3945 filius

78 3948 142 4006 eius,
165 3945 280 3994 duumvir
297 3944 387 3994 adid
404 3945 509 4012 ipsum
525 3952 636 4006 creatus,
662 3945 789 3996 dedicauit
816 3949 922 4011 (aedes).
943 3945 984 4010 23,
1006 3946 1044 4010 18,
1061 3946 1088 3997 3:
1117 3948 1232 4003 cohorter
1258 3948 1332 4004 duae,

76 4014 118 4065 ad
136 4012 175 4063 id
191 4013 304 4078 ipsum
318 4012 460 4062 instructae
477 4013 554 4072 intus,
574 4020 714 4080 erumpunt.
752 4016 826 4066 Doch
844 4017 913 4065 kann
933 4016 982 4066 das
1000 4017 1246 4066 Demonstrativum
1265 4013 1332 4062 auch

77 4084 154 4133 atlein
173 4081 338 4142 nusreichen,
358 4082 409 4130 wie
436 4082 488 4131 Liv.
508 4078 548 4141 37,
568 4077 609 4144 37,
630 4080 662 4131 5:
691 4080 822 4131 celeritate
848 4081 1012 4149 stuperatem,
1040 4080 1173 4130 lectoribus
1197 4087 1222 4127 et
1243 4079 1282 4126 cd
1299 4079 1334 4126 td

76 4147 231 4211 fabrefactis
250 4147 367 4212 uaoiqiis.
406 4146 470 4198 lbid.
491 4144 531 4209 45,
541 4144 582 4208 39,
597 4145 627 4198 8:
648 4148 690 4197 ad
706 4147 765 4198 hoc
781 4149 886 4213 [ecimus
907 4148 1042 4209 consulem,
1061 4157 1091 4197 ut
1110 4147 1201 4197 bellum
1222 4171 1250 4181 -
1268 4160 1334 4209 pcr-

75 4218 173 4281 ficeret.
226 4215 330 4266 Ebenso
347 4215 382 4263 iu
401 4213 463 4263 boc
488 4217 542 4265 und
561 4213 598 4263 ob
620 4216 667 4276 td,
687 4230 708 4266 z.
729 4218 755 4267 B.
775 4219 801 4267 C.
819 4213 843 4280 4,
863 4214 902 4280 60,
921 4216 944 4267 7.
967 4215 1106 4267 nebenob
1125 4213 1285 4278 idipsum
1305 4214 1331 4261 C.

76 4281 100 4346 4,
121 4281 163 4344 63,
185 4279 275 4332 33-
302 4282 337 4330 iu
361 4298 479 4347 equum
504 4282 711 4348 imponitur,
736 4285 809 4335 nicht
834 4287 904 4339 ohne
930 4285 1069 4347 genasstge
1093 4281 1333 4341 Nebcnbeziehuug

76 4351 124 4401 ani
137 4352 182 4401 die
199 4364 247 4399 zur
263 4350 479 4412 Wiltenlosigkeit
498 4351 659 4413 gewordene
676 4353 821 4402 Schwa'ohe
842 4354 890 4403 des
910 4353 1015 4414 Ko'nigs.
1062 4353 1096 4399 So
1115 4349 1169 4397 Liv.
1187 4345 1228 4409 35,
1247 4344 1287 4409 36,
1301 4344 1332 4396 8;

65 4416 210 4468 'laconicus
231 4417 283 4466 eius
300 4417 334 4465 sti
370 4417 375 4427 “
407 4424 563 4482 erotpuer
581 4417 769 4469 admodum:
789 4420 896 4468 eumin
914 4433 1029 4482 equum
1048 4416 1224 4481 imponunt.
1248 4414 1332 4478 vergi.

77 4488 104 4536 C.
124 4484 151 4545 7,
169 4481 214 4544 22,
232 4482 274 4536 36.
294 4482 320 4544 8,
336 4433 441 4544 31140.
462 4481 485 4545 6,
503 4482 546 4544 37,
567 4481 607 4536 10.
627 4483 653 4546 8,
673 4483 715 4546 34,
736 4485 760 4538 5.
780 4515 812 4523 -
838 4483 1042 4548 iusiquibus
1062 4482 1200 4550 imperii
1220 4509 1249 4519 -
1272 4481 1333 4532 nh-

76 4553 193 4603 iectis.
233 4554 259 4604 S.
277 4551 303 4612 3,
324 4550 368 4612 30,
387 4550 418 4602 5:
436 4550 629 4613 amiculum,
649 4555 717 4619 quod
734 4554 841 4615 Dareus,
862 4551 963 4601 sicut
978 4547 1083 4617 paulo
1109 4549 1334 4601 antedictum

76 4628 145 4681 eat,
162 4635 195 4670 ne
214 4618 286 4670 cultu
300 4619 463 4687 proderetur,
481 4617 617 4670 abuma.
1254 4633 1257 4637 ·
