2820 4964
143 231 196 297 rr.
215 193 503 294 mrim-10.
525 223 690 290 mvn
713 227 862 289 11-11
880 221 1064 291 amam
1086 215 1234 289 n-n.
1278 222 1320 289 aa

59 402 113 483 qui
135 401 173 463 ad
192 401 384 462 inhibendum
401 397 556 460 transitum
579 396 644 458 eius
666 415 735 457 cum
758 414 812 457 sex
832 394 953 457 milibus
975 394 1107 476 equitum
1135 400 1319 471 occurrerat,

57 518 203 561 rrouauso
216 496 385 578 periculum
404 495 451 557 sui
473 495 608 567 laceres*
623 486 763 554 ¹³Pauois
786 491 893 552 deinde
906 508 974 552 aron
997 491 1035 552 ad
1050 490 1189 571 quietem,
1206 491 1261 553 aed
1281 492 1339 553 ad‘

59 596 244 674 reparandos
264 593 379 655 animos
405 591 510 652 diebus
539 589 615 651 datis
642 589 745 665 militi,
777 587 1040 682 streuue¹bostem
1063 586 1179 669 insequi
1210 589 1320 668 eoepit,

60 697 210 767 metusne,
238 711 277 753 na
296 689 440 750 interiora
462 685 547 766 regni
568 687 616 747 sui
640 691 774 770 peteret,
804 685 1038 766 sequendusque
1069 691 1149 746 esset
1172 704 1228 764 per
1252 685 1321 748 loca

52 788 142 875 *omni
164 786 326 849 solitudine
345 792 434 866 atque
456 782 559 862 inopia
579 791 672 848 rasta.
720 777 745 821 ¹⁴
755 783 848 862 Igitur
869 771 977 863 querio
996 780 1046 871 die¹
1069 773 1189 860 praeter
1208 779 1321 843 Arbela

60 890 198 964 penetrat
214 883 253 944 ad
272 882 387 960 Tigrin.
429 881 508 940 Tota
532 880 616 959 regio
638 880 717 941 ultra
736 899 851 941 amnem
871 878 986 939 recenti
1005 877 1138 939 fumabat
1162 877 1319 940 incendio:

59 981 173 1062 quippe
193 982 351 1052 MazaeuS,
382 995 577 1056 quaecunque
597 976 722 1052 adierat,
748 976 826 1037 baud
845 994 947 1051 secuS,
977 995 1066 1056 quam
1085 975 1180 1036 hostis
1199 976 1321 1058 ,urebat

58 1073 84 1116 ¹⁵
96 1076 144 1136 Ac
164 1075 262 1154 primo
282 1071 423 1150 caligine,
443 1093 532 1153 quam
553 1075 651 1134 sumus
672 1072 833 1148 effuderat,
853 1073 1034 1137 obscurante
1056 1071 1173 1148 lucem,
1197 1065 1317 1135 'insidia-

60 1193 131 1234 rum
142 1177 223 1232 metu
235 1168 379 1233 substitit:
400 1168 517 1245 deinde,
536 1175 570 1230 ut
589 1168 798 1248 speculatores
819 1169 976 1249 praemissi
996 1176 1061 1231 tuta
1081 1169 1183 1231 omnia
1205 1169 1318 1231 nuntia-
1403 1199 1405 1203 ¹

59 1275 178 1345 verunt,
199 1260 313 1348 paucbs
332 1265 464 1346 equitum
486 1267 524 1327 ad
550 1267 724 1327 tentandum
745 1266 856 1327 vadum
881 1265 1010 1327 fluminis
1035 1266 1208 1349 praemisit:
1236 1265 1322 1328 cuius

60 1366 188 1428 altitudo
207 1365 306 1444 primo
328 1381 443 1423 summa
464 1382 611 1443 equorum
639 1368 781 1441 pectora',
814 1382 900 1438 mx,
929 1368 963 1423 ut
990 1361 1021 1421 in
1047 1363 1177 1423 medium
1205 1364 1323 1425 alveum

61 1470 193 1525 ventum.
214 1467 275 1536 est,
305 1458 440 1521 cervices
465 1477 586 1538 quoque
611 1458 768 1538 aequabat.
808 1382 1001 1525 1651081111
1027 1457 1103 1520 alius
1130 1459 1169 1518 ad
1198 1459 1322 1521 orientis

63 1559 181 1639 plagam
203 1563 263 1618 tam
283 1556 434 1619 violentus
456 1554 613 1630 invehitur,
634 1553 797 1615 multorum
818 1553 995 1616 torrentium
1018 1572 1080 1614 non
1101 1573 1194 1634 aquas
1215 1555 1323 1633 solum,

63 1654 226 1718 sedetiam
249 1673 322 1717 saxa
344 1672 447 1714 secum
476 1651 605 1712 trahens
647 1652 751 1731 ltaque
776 1671 795 1712 a
815 1650 983 1725 celeritate,
1011 1669 1070 1731 qua
1099 1650 1217 1729 defluit,
1240 1649 1323 1731 lligii

62 1773 173 1814 nomen
195 1757 241 1812 est
259 1749 395 1822 inditum,
416 1747 493 1829 quia
506 1748 625 1826 persica
645 1748 749 1827 lingua
766 1748 854 1828 tigrin
875 1748 1011 1826 sagittam
1035 1746 1197 1827 appellant.

149 1848 326 1909 XXXVlll.
373 1840 497 1925 trgum
520 1846 629 1925 pedes,
657 1845 740 1907 velut
768 1845 880 1906 divisus
911 1844 943 1905 in
973 1863 1101 1920 cornua,
1137 1828 1323 1906 circumdabo

63 1943 207 2025 equitatu,
227 1941 332 2004 levatis
352 1961 443 2021 super
463 1943 561 2020 capita
581 1942 687 2019 armis,
707 1941 787 2002 haud
808 1961 899 2021 aegre
919 1935 962 2002 ad
977 1940 1076 2020 ipsum
1095 1938 1211 2002 alveum
1233 1961 1324 2021 peue-

64 2048 132 2102 trat.
172 2034 324 2101 ¹³Primus
343 2039 420 2100 inter
448 2038 564 2118 pedites
588 2058 642 2099 rex
669 2053 809 2117 egressus
840 2039 870 2099 in
890 2038 1011 2117 oipam,
1041 2039 1151 2100 vadum
1179 2032 1323 2102 militibus

63 2157 162 2212 manu,
185 2137 305 2216 quando
323 2154 384 2196 vox
407 2134 544 2194 exaudiri
564 2154 626 2195 non
647 2140 775 2214 poterat,
800 2136 941 2199 ostendit.
978 2135 1041 2198 Sed
1061 2136 1187 2215 gradum
1205 2137 1324 2198 firmare

63 2234 115 2293 vix
135 2237 290 2309 poteraut,
315 2249 407 2309 quum
427 2229 519 2288 modo
541 2246 612 2294 saxa
628 2224 747 2292 lubrica
768 2232 927 2312 vestigium
949 2232 1106 2307 fallerent,
1129 2233 1223 2294 modo
1245 2233 1325 2314 rapi-

63 2329 137 2390 dior
161 2325 243 2388 uuda
267 2323 456 2385 subduceret.
497 2319 712 2405 1⁹maeeipuus
741 2333 806 2390 erat
829 2323 921 2394 labor
951 2349 1072 2405 eorum,
1107 2329 1160 2412 qui
1191 2330 1323 2392 humeris

63 2513 123 2563 ltus.
143 2530 176 2549 -·
195 2505 387 2574 periculum
404 2508 460 2558 sni
479 2508 606 2573 facere.
633 2513 657 2562 S.
676 2510 700 2574 7,
720 2510 762 2576 35,
779 2511 826 2563 771
853 2512 972 2564 videntur
987 2514 1075 2580 porira,
1096 2513 1333 2579 111111οηῖ111-

63 2585 144 2629 rnnt
162 2577 257 2626 inter
277 2592 311 2624 se
326 2575 519 2642 periculum
536 2577 670 2631 uirium.

136 2666 225 2729 4,37,
245 2666 285 2718 13.
321 2668 549 2735 Reparanrlos.
580 2673 620 2721 Z.:
645 2671 848 2739 praeparandos.
883 2673 931 2723 Die
951 2671 1077 2722 Soldaten
1096 2670 1327 2724 bedurltenzwar

67 2742 96 2790 in
114 2739 193 2800 Folge
218 2738 265 2787 des
284 2737 431 2800 eilltagigan
451 2739 587 2790 Marsebes
605 2741 678 2790 nicht
703 2741 800 2803 gerade
820 2740 869 2789 der
888 2740 968 2801 Ruhe,
996 2739 1065 2788 doch
1088 2738 1179 2790 hatten
1199 2742 1327 2791 111113111-

68 2807 226 2867 behrungen
245 2805 301 2853 und
315 2806 535 2868 Anstrengungen
558 2809 596 2856 sie
618 2811 703 2857 etwas
720 2807 911 2869 abgestumplt,
936 2805 1005 2855 auch
1022 2805 1092 2855 wohl
1119 2807 1162 2856 bin
1183 2809 1327 2858 1111111111-

69 2876 120 2927 der
139 2871 280 2923 Missmutb
311 2871 365 2919 und
390 2871 621 2920 Unzofriedenheit
645 2873 861 2936 hervorgerusen.
899 2873 946 2922 Um
973 2872 1053 2922 ihnen
1078 2873 1122 2924 die
1145 2874 1259 2940 Frische,
1283 2876 1326 2929 die

69 2940 247 3006 Regsamkeit,
269 2938 312 2987 die
330 2937 492 3000 Spannkratt
507 2938 608 2986 wieder
625 2952 658 2986 zu
678 2938 774 2999 geben,
796 2940 879 2989 deren
896 2953 925 2989 er
941 2952 1002 2989 zum
1021 2941 1098 3003 siege
1109 2941 1242 3008 bedul-lte,
1263 2944 1326 2996 liesa
1361 2990 1364 2995 .

66 3024 99 3061 er
120 3010 160 3059 sie
176 3007 233 3057 sich
252 3006 338 3068 ainige
354 3005 424 3067 Tage
441 3005 477 3053 im
497 3003 606 3054 reichen
624 3004 714 3054 Laude
738 3005 852 3070 pssegcn.
888 3007 973 3070 Vergl.
993 3004 1034 3068 10,
1055 3005 1097 3072 29,
1117 3007 1156 3061 15.

135 3095 219 3160 4,37,
240 3092 280 3145 14.
317 3093 440 3161 lpitur.
476 3093 524 3145 Die
550 3109 652 3146 neuern
675 3096 824 3148 Reisanden
851 3097 1000 3165 hasungen
1026 3101 1077 3152 den
1097 3101 1251 3153 Reicbthum
1279 3101 1327 3154 das

65 3167 222 3220 nordlichen
246 3164 456 3228 Mesopotamien
478 3177 511 3213 an
532 3163 585 3214 den
604 3163 749 3215 schoosten
774 3168 930 3231 Grasungen
955 3170 1010 3221 und
1033 3169 1190 3231 bemerken,
1211 3171 1276 3227 dass
1297 3184 1327 3222 ea

64 3237 111 3289 bei
128 3234 305 3298 sorgla'ltigem
321 3231 415 3281 Aubau
442 3232 511 3282 auch
534 3233 558 3280 in
581 3232 659 3294 jeder
679 3234 779 3284 andern
796 3235 947 3300 Beziehung
966 3238 1106 3289 truchtbar
1127 3238 1183 3290 und
1209 3237 1325 3303 ergiebig

65 3301 296 3358 seiuwdrde.=··=
315 3305 460 3366 praeter
485 3297 623 3348 Arbele.
661 3301 775 3352 Sinnlos.
811 3302 965 3354 Violleicht:
990 3313 1097 3372 praeter
1118 3305 1327 3368 Armeniam,

66 3375 102 3425 da
120 3371 192 3421 Alex.
220 3367 347 3419 wahrend
376 3370 464 3418 setnes
487 3368 598 3416 weltern
620 3368 756 3419 Marscbes
785 3370 828 3420 die
853 3373 1038 3424 armenisoheu
1056 3375 1140 3438 Berge
1160 3388 1209 3424 zur
1227 3375 1327 3424 Linken

64 3442 149 3493 batte.
163 3450 205 3488 ιιι-1
221 3435 258 3484 Ti
262 3435 353 3502 prin.
385 3436 440 3485 Der
455 3435 711 3499 Uebergangspunkt
729 3437 765 3487 ist
784 3438 857 3488 nicht
869 3452 956 3501 gonau
973 3439 1147 3502 bezeichnet;
1171 3441 1240 3492 docb
1258 3454 1327 3491 rer-

64 3507 173 3560 mutbet
189 3518 258 3567 man,
277 3504 341 3554 dass
359 3504 429 3555 Alex.
447 3502 490 3553 bei
506 3503 605 3554 lesireb
625 3504 692 3554 oder
709 3504 735 3554 in
754 3505 803 3555 der
820 3504 892 3556 Naba
909 3507 996 3558 davou
1014 3509 1066 3560 den
1080 3509 1156 3560 Fluss
1171 3509 1297 3573 passirte.

134 3593 223 3658 4,37,
245 3593 286 3645 15.
327 3594 526 3658 Effuderct.
547 3597 571 3645 S.
591 3610 624 3646 zu
645 3591 669 3659 4,
692 3593 730 3657 14,
753 3593 792 3648 16.
812 3624 841 3634 -
866 3599 1071 3652 tentandum.
1101 3599 1251 3664 Vergl.0v.
1271 3599 1326 3649 Art.

65 3681 119 3719 am.
141 3663 164 3727 1,
182 3661 248 3714 437:
269 3679 331 3712 cern
354 3661 470 3712 cadum
491 3670 601 3712 tentet
625 3663 694 3712 rosis
710 3664 798 3727 infusa
818 3663 927 3715 tabellis.
963 3667 1033 3732 Virg.
1059 3665 1168 3728 111117,
1189 3658 1328 3716 mossea-

66 3743 77 3784 t
136 3730 669 3796 intentandasupacnnitneqnorn
685 3730 842 3794 0111151113,
859 3731 927 3784 520:
947 3741 1164 3800 teutonumque
1187 3735 1325 3786 eiam.-

65 3800 90 3865 4,
131 3797 216 3861 7,16.
254 3797 302 3848 Ad
326 3798 475 3847 orientia
498 3797 648 3864 plagam.
686 3801 812 3851 Aehnlich
833 3800 872 3864 10,
891 3799 914 3861 3,
940 3799 987 3852 17:
1012 3802 1080 3852 omni
1105 3802 1145 3852 nd
1168 3801 1329 3851 orientem

64 3869 198 3921 meitinan
216 3867 317 3933 cepione
333 3865 484 3933 perdomita.
506 3867 621 3930 Analog:
638 3865 674 3915 ad
694 3866 801 3929 laevam,
819 3869 855 3918 ad
871 3868 998 3923 dextram.
1019 3897 1048 3907 -
1076 3866 1251 3919 violenteas
1271 3869 1329 3918 in-

65 3936 222 3995 venitur,
243 3937 295 3985 wie
311 3931 335 3997 9,
354 3931 396 3996 35,
412 3931 440 3983 9;
461 3932 576 3984 0111111111
594 3941 748 3985 cxneatunns
767 3935 852 3985 incebi
869 3938 959 4004 coepit.

135 4024 159 4091 4,
170 4024 213 4088 38,
229 4024 268 4077 17.
297 4024 338 4141 Vp
347 4023 378 4140 lap
384 4031 393 4072 1
414 4024 599 4105 1111111111ιί11
619 4042 763 4091 cornua,
776 4029 921 4108 gleichsam
933 4029 960 4079 in
970 4029 1173 4116 regplm'assiger
1184 4025 1329 4078 Schlaebt-

66 4091 519 4232 mutuamina.
528 4110 658 4224 7137
664 4093 751 4229 ‘aaz
762 4103 856 4230 ‘tta
863 4103 948 4229 ti.
962 4096 1128 4214 titat-
1149 4089 1329 4226 11111

66 4230 108 4297 56,
124 4228 156 4282 d:
176 4230 297 4298 disposito
318 4229 438 4295 equitatu,
460 4229 503 4295 qni
521 4230 572 4278 cim
590 4229 700 4294 fluminis
716 4231 878 4299 refrinperet.

135 4320 159 4386 4,
179 4320 276 4386 38,18.
314 4321 466 4372 Gradum
491 4321 653 4385 firmare.
692 4323 717 4372 S.
738 4324 843 4384 Quintil.
862 4325 927 4373 inst.
951 4321 977 4383 9,
998 4319 1105 4385 4,139;
1136 4320 1257 4381 bamma,
1286 4318 1330 4386 qui

67 4391 182 4442 manibus
199 4391 306 4441 invicem
324 4389 488 4456 apprehensis
503 4388 642 4454 pradum
659 4390 825 4506 pirmant,
847 4391 976 4440 continent
993 4398 1017 4439 et
1036 4391 1205 4440 continentur.
1221 4415 1250 4426 -
1269 4386 1331 4437 Ve-

23 4502 27 4509 .
67 4460 207 4527 stipium
228 4456 408 4522 fallerent.
440 4456 569 4519 s.5,15‚
592 4455 632 4507 18.
677 4455 743 4522 ,43
766 4455 803 4508 16.
828 4460 882 4508 Liv.
901 4456 944 4518 71,
963 4454 1007 4518 36,
1025 4456 1053 4507 7:
1084 4464 1152 4508 tetra
1169 4455 1207 4506 ibi
1223 4455 1330 4505 luctatio

68 4535 134 4589 erat,
160 4535 190 4576 ut
216 4543 234 4576 a
257 4524 356 4575 lubrica
372 4523 464 4592 plecte,
487 4542 539 4575 non
562 4525 700 4591 recipiente
720 4526 853 4592 oestipium
874 4532 899 4574 et
921 4525 949 4574 in
962 4541 1046 4592 prom
1066 4526 1140 4575 eitius
1157 4524 1234 4592 pedes
1253 4521 1326 4587 sal·

69 4594 169 4646 lente.
192 4623 224 4631 —
244 4592 448 4644 subduceret.
485 4596 510 4644 S.
528 4593 604 4643 Diod.
627 4590 666 4656 17,
687 4590 736 4644 55:
762 4594 779 4664 ἡ
803 4597 850 4644 τοῦ
877 4590 1006 4662 pauperae
1031 4590 1122 4663 ditm<
1145 4589 1259 4648 πολλοὺς
1278 4596 1332 4642 τῶν

67 4660 255 4732 διαβαινόντων
273 4659 400 4731 captoupu
417 4661 462 4712 nal
481 4661 540 4732 τὴν
559 4659 662 4728 βάσιν
687 4666 756 4713 τῶν
776 4658 911 4714 συλῶν
927 4665 1128 4734 παρῃρεῖτο.
1164 4661 1250 4713 Plaut.
1273 4660 1332 4712 lle·
