2820 4964
74 138 135 205 rm
537 138 577 219 Q.
611 137 751 199 curru
770 136 867 200 nun

73 307 143 389 quia
170 306 236 385 ipse
267 305 352 366 alteri
377 306 576 385 denegaturus
606 307 653 368 sit.
695 301 820 382 ¹3Deos‚
850 303 933 385 quod
960 303 1017 382 ipsi
1045 322 1198 384 nunquam
1227 311 1336 383 optare

72 403 138 465 ausi
149 404 256 477 forent,
278 403 386 463 offerre
398 402 534 481 patriam,
554 403 706 483 coniuges,
719 403 842 478 liberos,
854 407 884 461 et
895 401 1038 482 quicquid
1048 400 1183 475 homiues
1193 399 1244 461 vel
1256 401 1349 485 vitae¹

73 498 230 560 aestimant
240 497 287 558 vel
298 498 562 560 morteredimunt.
583 495 696 581 ¹⁹Quin
707 499 749 559 illi
760 519 797 559 ex
810 499 999 560 lroccarcere
1013 502 1221 576 erumperent:
1244 496 1336 558 alium

75 596 156 657 domi
168 613 234 655 esse
246 593 325 655 coeli
337 594 485 671 baustum,
499 595 590 656 alium
599 595 676 657 lucis
690 601 858 674 aspectum:
883 612 993 668 mores,
1003 613 1098 670 sacra,
1119 592 1241 673 liuguae
1254 612 1335 654 com-

74 692 217 753 mercium
238 691 327 752 etiam
347 711 365 751 a
385 690 521 752 barbaris
540 691 657 769 expeti:
687 711 763 772 quae
784 690 915 770 ingenita
943 689 1002 768 ipsi
1016 688 1165 765 ¹omissuri
1188 688 1251 753 sint
1280 709 1334 751 sua

75 796 192 871 sponte,
212 807 274 849 non
296 787 336 848 ob
356 786 438 848 aliud
458 792 519 847 tam
540 785 713 863 calamitosi,
742 806 831 867 quam
850 785 933 866 quod
956 768 1143 847 illiicarere
1169 785 1268 847 coacti
1289 792 1334 863 ert

75 892 151 949 sent.
201 878 231 922 ²⁰
241 885 282 945 Se
306 890 388 944 certe
409 883 573 944 rediturum
594 881 633 942 ad
651 888 775 961 penates
803 881 884 944 etin
912 880 1046 960 patriam,
1075 886 1221 962 tantoque
1245 881 1333 944 bene

75 981 145 1043 ficio
164 981 244 1061 regis
264 999 403 1041 usurum:
426 979 450 1040 si
471 992 548 1058 quos
562 979 750 1040 contubernii
763 979 996 1058 liberorumque,
1019 997 1096 1056 quos
1116 978 1249 1039 servitus
1266 999 1333 1041 coe

75 1077 169 1156 gisset
189 1094 363 1156 agnoscere,
383 1094 468 1136 amor
488 1073 641 1150 detineret,
657 1074 871 1154 relinquerent,
894 1073 1002 1154 quibus
1023 1073 1095 1135 nibil
1114 1074 1213 1154 patria
1236 1076 1332 1138 carius

76 1181 163 1236 esset.

147 1265 274 1330 21Ριιιιοί
297 1267 386 1328 buius
410 1266 574 1328 sententiae
595 1265 694 1326 fuere:
720 1275 839 1328 ceteros
860 1265 1060 1341 consuetudo,
1084 1270 1193 1329 natura
1223 1268 1332 1348 potior,

76 1365 156 1428 vicit.
189 1364 424 1440 Consenserunt,
446 1362 609 1442 petendum
633 1383 698 1426 esse
719 1383 738 1424 a
761 1383 842 1443 rege,
862 1369 896 1424 ut
914 1361 1044 1442 aliquam
1063 1362 1137 1442 ipsis
1159 1363 1333 1427 attribueret

75 1463 187 1525 sedem.
220 1456 384 1522 2²(lontum
406 1458 445 1519 ad
466 1461 526 1521 boc
547 1459 635 1521 electi
655 1465 738 1521 sunt:
761 1479 839 1540 quos
857 1459 1028 1523 Alexander
1048 1464 1140 1534 ratus,
1162 1461 1249 1540 quod
1271 1460 1332 1540 ipse

75 1571 228 1637 praestare
248 1556 406 1636 cogitabat,
427 1556 585 1634 petituros,
605 1558 756 1631 Iumenta,
784 1555 887 1638 iuquit,
913 1557 1077 1635 assignari,
1103 1576 1182 1635 qnae
1208 1576 1262 1619 uos
1287 1576 1334 1617 ue-

75 1654 189 1733 herent,
217 1663 249 1716 et
267 1653 398 1731 singulis
417 1659 551 1711 uestram
571 1653 661 1712 mc'le'a
682 1651 845 1712 &numum
865 1651 939 1712 dari
955 1652 1040 1714 insn'.
1084 1652 1186 1721 Qum
1208 1653 1333 1715 redieri-

76 1752 115 1809 tis
132 1752 167 1808 in
187 1750 359 1821 Graeciam,
375 1744 547 1825 praestabo,
567 1767 607 1806 ne
624 1750 811 1826 qnibrtatnm
831 1767 932 1823 snam,
960 1747 1081 1809 sidaec
1098 1748 1266 1809 calamitas
1284 1747 1335 1810 ab·

75 1846 123 1920 sit,
154 1851 250 1905 cestre
279 1843 386 1902 credat
410 1862 470 1902 esse
492 1843 655 1904 meliorem.
711 1838 792 1902 2³111i
817 1843 934 1905 obortis
959 1843 1090 1906 lacrimis
1108 1845 1334 1908 terram-intua

75 1940 192 2015 bantur,
224 1959 281 1999 nec
301 1945 353 1999 aut
372 1938 487 2017 erigere
507 1913 608 1999 vultus
631 1943 683 1999 aut
702 1938 787 2019 loqui
816 1940 980 2001 audebant:
1009 1939 1128 2001 tandem
1151 1959 1226 2021 rege
1247 1942 1335 2004 tristi-

75 2035 133 2095 tiae
162 2054 283 2096 causam
309 2033 455 2113 exigente,
487 2034 656 2096 Euctemon
685 2033 791 2095 similia
819 2035 867 2111 iis,
895 2036 1024 2118 quaein
1055 2036 1184 2099 consilio
1211 2037 1335 2115 dixerat,

76 2268 272 2330 gewbbnlicber
288 2267 436 2326 Ausdrrrck‚
463 2268 511 2317 der
532 2267 583 2316 den
610 2266 765 2318 abstrakten
781 2269 880 2332 Begrlll
899 2269 949 2320 der
973 2268 1169 2320 menscblicban
1194 2271 1281 2321 Natrrr
1308 2272 1335 2321 iu

77 2336 129 2385 den
149 2336 408 2399 mannichlaltigsten
428 2336 611 2397 Beziehungen
632 2336 796 2396 (Schwttche,
817 2337 998 2400 Hinsalliglrait,
1019 2337 1213 2400 Lebenslxttrze,
1235 2338 1336 2390 Sterb-

76 2404 189 2467 lichlrait,
207 2404 377 2454 Sinnllcbkeit
393 2418 417 2452 ιι.
431 2405 463 2464 a.)
485 2402 609 2461 umlasst,
627 2402 696 2453 ohne
707 2403 769 2454 dass
789 2404 832 2454 die
843 2405 1017 2468 lnwendnng
1034 2407 1070 2455 im
1089 2408 1234 2456 concrelen
1254 2407 1336 2457 Sinna

76 2473 193 2534 ganzlich
212 2471 431 2535 ausgeschlossan
452 2472 493 2520 ist.
530 2470 617 2532 Vergt.
636 2472 728 2521 Senec.
749 2471 783 2520 de
808 2473 846 2521 ira
864 2469 890 2531 2,
909 2469 939 2523 9:
956 2472 1025 2520 inter
1042 2478 1129 2521 cetera
1155 2472 1336 2523 mortali-

77 2540 163 2588 tatis
181 2537 389 2588 incemmoda
406 2544 430 2585 ct
451 2536 515 2586 baec
532 2544 568 2586 est
586 2535 670 2602 caligo
688 2538 816 2591 mentium.
852 2540 914 2589 Plin.
934 2540 963 2589 N.
983 2540 1015 2589 H.
1033 2537 1058 2602 7,
1083 2535 1125 2602 66,
1151 2536 1200 2591 46τ
1224 2540 1254 2590 in
1278 2540 1337 2591 diso

76 2603 199 2672 Angusto,
221 2623 293 2671 quem
308 2606 472 2654 uniuersa
489 2603 695 2654 mortalitas
713 2605 741 2654 in
760 2604 810 2655 bae
829 2622 938 2657 censura
955 2615 1086 2674 nuncupat
1102 2634 1142 2658 -.

143 2705 170 2767 5,
189 2703 230 2768 19,
250 2704 292 2757 18.
325 2705 350 2755 E
357 2712 368 2754 t
386 2704 559 2771 quicquid.
597 2704 634 2753 Et
653 2709 785 2756 verstosst
804 2707 877 2757 nicht
895 2720 979 2770 gagen
997 2708 1049 2758 dan
1069 2722 1103 2759 zu
1122 2704 1146 2769 6,
1167 2704 1209 2769 25,
1230 2706 1263 2759 15
1282 2723 1338 2759 an-

77 2775 238 2837 gcdeuteteu
257 2774 412 2834 Gabraucb;
441 2773 510 2822 deun
535 2773 579 2822 bei
605 2778 629 2820 et
656 2773 751 2823 a'ndert
774 2775 832 2823 sich
858 2774 906 2824 der
925 2776 1070 2826 Cbaralrter
1092 2776 1141 2827 der
1159 2776 1336 2840 Darstatlung.

78 2844 102 2890 S.
121 2844 155 2893 ad
172 2844 285 2893 Herenn.
306 2839 329 2903 3,
350 2839 373 2904 6,
395 2839 437 2890 10:
469 2846 499 2889 nt
515 2855 600 2904 genus,
629 2840 755 2900 educatio,
782 2840 893 2903 diuitiae,
921 2849 1066 2908 potestates,
1093 2841 1204 2909 gloriae,
1235 2844 1337 2905 einum,

77 2909 214 2972 amicitiae,
233 2916 263 2958 et
288 2925 353 2975 guae
373 2907 470 2958 buius
490 2907 559 2956 medi
575 2914 643 2957 sunt.
662 2934 694 2945 -
714 2907 787 2957 nita
811 2909 1006 2961 aestimant.
1042 2911 1096 2961 Des
1118 2910 1208 2962 beben
1235 2912 1272 2962 ist
1288 2913 1339 2962 dar

77 2977 159 3040 Preis,
180 2979 231 3028 den
249 2990 311 3027 man
330 2978 449 3037 einsetzt,
470 2989 516 3024 um
536 2976 679 3026 Vaterland
699 2976 753 3025 und
770 2976 878 3026 Familia
897 2978 954 3028 sicb
974 2992 1008 3027 zu
1027 2979 1152 3029 erbalten.
1174 3004 1203 3015 -
1229 2986 1338 3028 morte

76 3044 258 3094 redimunt.
294 3045 354 3093 blan
375 3043 471 3092 scbeut
490 3043 541 3091 den
562 3043 618 3092 Tod
638 3045 718 3103 nicht,
747 3057 825 3093 wenn
853 3058 883 3094 es
910 3046 962 3108 gill,
984 3047 1048 3108 jene
1066 3047 1148 3096 Gttter
1167 3059 1200 3096 uu
1220 3045 1337 3097 bawah-

77 3125 132 3160 ren.
172 3114 243 3160 Ganz
264 3110 361 3158 andars
380 3110 453 3157 Caes.
475 3107 500 3156 h.
520 3111 577 3170 gall.
598 3108 620 3170 1,
641 3106 691 3159 tt:
713 3125 819 3174 quornm
839 3111 948 3160 emnium
963 3112 1079 3178 gratiam
1097 3119 1176 3179 atqua
1194 3113 1338 3163 animiam

77 3177 144 3225 eins
160 3183 268 3226 morte
286 3174 456 3223 redimere
472 3181 563 3239 posset.

120 3292 125 3301 .
143 3266 167 3332 5,
188 3266 227 3330 19,
246 3263 286 3318 19.
319 3263 383 3314 1Ηί
400 3265 468 3315 ohne
486 3265 593 3315 starken
611 3266 776 3329 Nachdruck,
799 3271 939 3320 etwa‘wle
958 3269 1111 3319 sine-aina
1126 3267 1174 3319 ille
1192 3271 1250 3323 und
1268 3272 1337 3322 alml.

78 3336 103 3385 S.
123 3349 157 3387 zu
175 3334 199 3399 3,
217 3332 241 3396 6,
259 3332 282 3384 2.
303 3331 327 3397 3,
348 3330 386 3396 19,
406 3331 430 3382 2.
451 3333 507 3382 Liv.
528 3329 551 3392 3,
570 3329 613 3391 61,
636 3331 678 3383 13;
700 3350 747 3383 nee
764 3335 897 3386 cessabant
914 3335 1042 3386 Sabini-
1054 3336 1177 3387 lacessm
1194 3345 1274 3404 atque
1293 3340 1337 3388 in-

77 3410 155 3466 stare,
182 3403 331 3469 rogitantes,
356 3400 417 3466 quid
435 3398 566 3448 latrocinii
584 3400 657 3449 mode
686 3411 867 3469 procursantes
888 3404 968 3471 pauci
992 3412 1151 3455 recurrentes
1169 3420 1201 3455 ue
1228 3413 1338 3456 tererent

78 3478 180 3536 tempus,
209 3478 233 3519 et
251 3470 279 3519 in
296 3467 378 3519 multa
399 3465 502 3534 proelia
523 3483 656 3534 paruaque
681 3479 870 3536 carperent
896 3488 1017 3523 summam
1034 3473 1108 3522 unius
1128 3471 1211 3522 beli?
1252 3473 1339 3535 (lain

77 3535 135 3586 illi
151 3537 363 3603 congrederentur
375 3536 439 3595 acia
455 3532 678 3602 inclinandamque
694 3537 771 3587 semel
782 3539 903 3603 [ortunae
919 3557 973 3589 rem
990 3540 1087 3590 darent.
1099 3567 1127 3577 -
1143 3539 1219 3589 coel
1223 3540 1234 3591 i
1251 3541 1338 3590 bau·

78 3611 170 3654 stum.
200 3607 225 3654 S.
247 3620 280 3655 zu
300 3601 323 3666 4,
345 3602 385 3666 31,
406 3602 445 3653 17.
469 3631 500 3639 -
526 3601 665 3669 linguae
683 3607 930 3670 commercium,
960 3610 1011 3659 wie
1028 3603 1054 3669 6,
1074 3606 1098 3671 7,
1116 3604 1148 3658 8:
1174 3607 1280 3658 creditis
1300 3615 1338 3658 tot

75 3679 171 3737 gentes,
196 3670 303 3720 alterins
327 3671 432 3738 imperio
461 3687 494 3721 ac
510 3672 610 3721 nomine
627 3680 748 3735 assuetas,
777 3690 829 3723 nan
854 3675 984 3738 sacris,
1014 3691 1066 3724 non
1091 3674 1260 3738 moribus,
1287 3692 1339 3726 non

77 3739 276 3789 commercio
297 3737 437 3804 linquae
454 3738 582 3788 nobiscum
602 3739 771 3792 conaerentes.
807 3743 892 3807 Vergl.
913 3741 937 3805 7,
958 3741 999 3806 23,
1021 3740 1064 3794 33.
1085 3745 1138 3795 biv,
1156 3740 1179 3805 1,
1198 3740 1241 3804 18,
1261 3742 1285 3795 3.

144 3828 286 3892 5‚19,20.
324 3828 372 3879 Ad
394 3837 534 3896 penates
554 3838 584 3879 et
609 3830 642 3879 in
665 3833 831 3898 patriam,
856 3834 917 3884 lxein
938 3829 1042 3904 ὕστερον
1061 3832 1195 3953 πρότεὶον.
1217 3837 1338 3887 eundern

77 3900 233 3951 abstchtllcb
253 3912 283 3950 so
303 3899 413 3962 gestellt.
435 3926 463 3935 -
487 3897 722 3955 contubernii.
759 3902 831 3951 Nach
849 3903 910 3953 dem
927 3902 1079 3953 remiscben
1100 3906 1138 3954 Ge
1157 3903 1251 3965 rauclr,
1268 3905 1337 3953 nach

76 3969 205 4020 walchem
221 3968 273 4018 den
292 3967 406 4017 Sklaven
425 3967 485 4017 lrein
500 3965 657 4030 connubium,
675 3969 793 4019 sondern
808 3983 860 4018 nur
876 3967 1066 4019 contubernium
1082 3970 1205 4021 zustand.
1221 3997 1254 4007 -
1275 3985 1338 4020 ca-

75 4036 143 4085 rina
164 4042 259 4086 esset.
281 4035 321 4084 R:
342 4033 428 4084 carius
448 4040 493 4084 est.

143 4125 167 4189 5,
187 4124 230 4187 19,
248 4123 289 4176 21.
306 4125 434 4176 Potior.
458 4126 500 4175 1⁴1:
519 4125 655 4190 potentior.
685 4127 771 4190 Vergl.
791 4124 816 4188 8,
833 4123 874 4189 49,
894 4125 940 4176 22:
962 4143 1018 4176 cum
1033 4080 1131 4192 anneis,
1161 4126 1252 4193 quibus
1271 4134 1339 4176 metu

75 4195 192 4258 potior
206 4195 294 4256 suerat
310 4191 400 4259 pudor.
422 4220 453 4228 -
474 4192 499 4255 5,
519 4192 558 4255 19,
577 4191 618 4244 22.
649 4192 754 4244 Milia.
784 4196 822 4245 F.:
849 4193 927 4247 mille.
966 4195 1048 4245 neme
1068 4196 1245 4259 Wandungen
1265 4197 1338 4245 kon-

79 4275 131 4311 nen
149 4264 176 4310 in
194 4261 390 4311 distributivam
409 4263 489 4312 Sinna
507 4260 656 4324 gebraucht
671 4263 788 4312 werden.
811 4290 842 4300 -
867 4278 907 4311 ne
932 4262 997 4326 qui.
1029 4262 1068 4314 R:
1099 4279 1131 4312 ne
1149 4263 1213 4329 quis.
1250 4264 1337 4327 Vergl.

79 4329 226 4379 Weissenb.
252 4328 295 4378 lat.
315 4331 357 4376 Gr.
375 4331 398 4390 g.
417 4325 474 4377 223.
495 4331 522 4377 A.
543 4325 560 4376 2
581 4342 607 4390 p.
624 4326 682 4377 252.

142 4416 166 4479 5,
187 4415 229 4477 19,
247 4415 287 4468 23.
321 4417 472 4483 Erigere
494 4416 611 4468 nultns.
649 4419 675 4466 S.
698 4420 744 4467 0v.
763 4420 822 4470 net.
843 4416 886 4480 1-1,
916 4417 976 4470 106:
998 4427 1027 4470 at
1047 4419 1159 4471 ittarta
1176 4419 1264 4471 cultus
1284 4420 1338 4469 te!-

82 4481 137 4531 lare
159 4492 273 4535 moratos
301 4485 390 4537 crecit.
414 4488 441 4536 C.
460 4483 484 4549 6,
505 4483 546 4547 32,
566 4484 596 4536 2:
617 4484 661 4534 din
679 4501 727 4534 rec
745 4485 881 4538 demisso
898 4488 932 4538 in
958 4496 1087 4540 terram
1104 4488 1201 4541 onitu
1225 4488 1338 4539 attonito

86 4552 245 4616 stupentique
262 4551 351 4602 similis
368 4553 445 4603 stetit.
